Unnamed: 0,Unnamed: 0.1,cik,date,Total Revenue,filenames,Number of customers,MRR,ARR,ARPU,Churn,CRR,MRR Expansion,Number of qualified leads,Penetration Rate,LTV,quater_year,url,year_month,Sales and Marketing,CAC,CAC payback,Gross Margin,quater_year_string
0,0,1001601,ttm,931.0,1001601_0.csv,646.0,310.3333333333333,3724.0,5.764705882352941,0.04579025110782865,0.9542097488921714,2.815573770491804,2.1663757998836525e-05,5.936048723381968e-07,125.89373814041748,"('-1', 'ttm')",,2021-ttm,0,,,-7.733619763694953,"-1,ttm"
1,1,1001601,9/29/2021,244.0,1001601_0.csv,677.0,81.33333333333333,976.0,1.4416543574593796,0.0,1.0,-0.0,6.707488883849109e-06,6.594584063900253e-07,inf,"('Q3', '2021')",https://www.sec.gov/Archives/edgar/data/1001601/000149315221028042/Financial_Report.xlsx,2021-09,0,,,-8.196721311475411,"Q3,2021"
2,2,1001601,6/29/2021,244.0,1001601_0.csv,677.0,81.33333333333333,976.0,1.4416543574593796,0.16728167281672818,0.8327183271832719,-0.16723549488054618,6.707488883849109e-06,6.594584063900253e-07,8.618124945694673,"('Q2', '2021')",https://www.sec.gov/Archives/edgar/data/1001601/000149315221020358/Financial_Report.xlsx,2021-06,0,-0.0,-0.0,2.8688524590163933,"Q2,2021"
3,3,1001601,3/30/2021,293.0,1001601_0.csv,813.0,97.66666666666669,1172.0,1.4415744157441577,-0.9543269230769232,1.9543269230769231,0.9533333333333336,8.054484602327004e-06,7.919345412039742e-07,-1.5105666421903514,"('Q1', '2021')",https://www.sec.gov/Archives/edgar/data/1001601/000149315221012749/Financial_Report.xlsx,2021-03,0,0.0,0.0,14.675767918088734,"Q1,2021"
4,4,1001601,12/30/2020,150.0,1001601_0.csv,416.0,50.0,600.0,1.4423076923076923,,,,4.971579139253932e-06,4.2579324462640735e-07,,"('Q4', '2020')",https://www.sec.gov/Archives/edgar/data/1001601/000149315221008913/Financial_Report.xlsx,2020-12,0,,,-68.0,"Q4,2020"
5,5,1013462,ttm,1906715.0,1013462_0.csv,2200.0,635571.6666666665,7626860.0,3466.754545454545,0.2729676140118969,0.7270323859881032,1.90805393591564,0.04436800465386853,2.021564580718317e-06,12700.241228263265,"('-1', 'ttm')",,2021-ttm,0,,,86.46971361739956,"-1,ttm"
6,6,1013462,12/30/2021,655667.0,1013462_0.csv,3026.0,218555.66666666663,2622668.0,866.711169861203,-0.4862475442043222,1.4862475442043217,0.4862070685090487,0.01802409472953563,2.9475939996103638e-06,-1782.4484260983932,"('Q4', '2021')",,2021-12,0,0.0,0.0,89.47987316732426,"Q4,2021"
7,7,1013462,9/29/2021,441168.0,1013462_0.csv,2036.0,147056.0,1764672.0,866.7347740667976,0.0121300339640951,0.9878699660359048,-0.01228243786017806,0.012127579737335834,1.9832456653029416e-06,71453.6147740668,"('Q3', '2021')",https://www.sec.gov/Archives/edgar/data/1013462/000101346221000048/Financial_Report.xlsx,2021-09,0,-0.0,-0.0,85.77730025749828,"Q3,2021"
8,8,1013462,6/29/2021,446654.0,1013462_0.csv,2061.0,148884.66666666663,1786616.0,866.8685104318292,-0.2297136038186157,1.2297136038186158,0.2296862008776905,0.012278388278388279,2.007597895967271e-06,-3773.69252852921,"('Q2', '2021')",https://www.sec.gov/Archives/edgar/data/1013462/000101346221000039/Financial_Report.xlsx,2021-06,0,0.0,0.0,85.63586131547014,"Q2,2021"
9,9,1013462,3/30/2021,363226.0,1013462_0.csv,1676.0,121075.33333333331,1452904.0,866.8878281622913,0.4176511466296039,0.5823488533703961,-0.4176139916560577,0.009984976874282693,1.6325735437366062e-06,2075.626596881093,"('Q1', '2021')",https://www.sec.gov/Archives/edgar/data/1013462/000101346221000017/Financial_Report.xlsx,2021-03,0,-0.0,-0.0,82.90238033620942,"Q1,2021"
10,10,1013462,12/30/2020,623686.0,1013462_0.csv,2878.0,207895.33333333328,2494744.0,866.8325225851288,,,,0.02067136204696485,2.9457523029682707e-06,,"('Q4', '2020')",https://www.sec.gov/Archives/edgar/data/1013462/000101346221000009/Financial_Report.xlsx,2020-12,0,,,89.11263039414067,"Q4,2020"
11,11,1013857,ttm,1211653.0,1013857_0.csv,662.0,403884.33333333326,4846612.0,7321.166163141994,0.041968162083936326,0.9580318379160636,2.832113579434759,0.028194368819080863,6.083071601979663e-07,174445.7178872799,"('-1', 'ttm')",,2021-ttm,625886,,,72.23932924690484,"-1,ttm"
12,12,1013857,12/30/2021,316184.0,1013857_0.csv,691.0,105394.66666666669,1264736.0,1830.2981186685965,-0.23392857142857146,1.2339285714285717,0.23380211341252125,0.008691806005126831,6.730956555620495e-07,-7824.175163774152,"('Q4', '2021')",,2021-12,168245,1284.3129770992364,17.577588805829123,73.0653670014928,"Q4,2021"
13,13,1013857,9/29/2021,256268.0,1013857_0.csv,560.0,85422.66666666669,1025072.0,1830.4857142857145,0.21237693389592124,0.7876230661040787,-0.21318260250167329,0.007044732628222309,5.454899668809663e-07,8619.042005676443,"('Q3', '2021')",https://www.sec.gov/Archives/edgar/data/1013857/000101385721000242/Financial_Report.xlsx,2021-09,152479,-1009.7947019867552,-15.041213901441575,67.13518660152653,"Q3,2021"
14,14,1013857,6/29/2021,325702.0,1013857_0.csv,711.0,108567.33333333331,1302808.0,1832.3600562587906,-0.037956204379562035,1.037956204379562,0.03892516403561087,0.008953453051014026,6.925774400935125e-07,-48275.63994374121,"('Q2', '2021')",https://www.sec.gov/Archives/edgar/data/1013857/000101385721000175/Financial_Report.xlsx,2021-06,156423,6016.269230769231,81.24985678211725,74.04652105298709,"Q2,2021"
15,15,1013857,3/30/2021,313499.0,1013857_0.csv,685.0,104499.66666666669,1253996.0,1830.6510948905109,-0.05061349693251534,1.0506134969325154,0.04989618218352322,0.00861799613769595,6.672511202026106e-07,-36169.22769298828,"('Q1', '2021')",https://www.sec.gov/Archives/edgar/data/1013857/000101385721000093/Financial_Report.xlsx,2021-03,148739,4507.242424242424,61.155756832123316,73.70103253917875,"Q1,2021"
16,16,1013857,12/30/2020,298600.0,1013857_0.csv,652.0,99533.33333333331,1194400.0,1831.9018404907968,,,,0.00989675687320816,6.673490276356193e-07,,"('Q4', '2020')",https://www.sec.gov/Archives/edgar/data/1013857/000101385721000032/Financial_Report.xlsx,2020-12,150009,,,74.24815807099799,"Q4,2020"
17,17,1015739,ttm,16854.0,1015739_0.csv,15000.0,5618.0,67416.0,4.4944,-0.054481546572934976,1.054481546572935,3.2177177177177176,0.0003921815008726004,1.3783394868533982e-05,-82.49398709677419,"('-1', 'ttm')",,2021-ttm,6324,,,92.82662869348522,"-1,ttm"
18,18,1015739,12/30/2021,3996.0,1015739_0.csv,14225.0,1332.0,15984.0,1.1236555360281195,0.0428609877540035,0.9571390122459964,-0.042874251497006036,0.00010984887532729934,1.3856419248003116e-05,26.216277200078355,"('Q4', '2021')",,2021-12,1540,-2.417582417582417,-0.02596951435661114,93.09309309309307,"Q4,2021"
19,19,1015739,9/29/2021,4175.0,1015739_0.csv,14862.0,1391.666666666667,16700.0,1.1236711075225407,0.02088411621318928,0.9791158837868108,-0.02087242026266406,0.00011476953315602473,1.4476914085330216e-05,53.80505912014085,"('Q3', '2021')",https://www.sec.gov/Archives/edgar/data/1015739/000156459021052320/Financial_Report.xlsx,2021-09,1631,-5.145110410094636,-0.0546308137389245,94.17964071856287,"Q3,2021"
20,20,1015739,6/29/2021,4264.0,1015739_0.csv,15179.0,1421.333333333333,17056.0,1.1236576849594837,0.035089949780687815,0.9649100502193122,-0.035075809006562625,0.00011721611721611721,1.4785700370153906e-05,32.022208409597155,"('Q2', '2021')",https://www.sec.gov/Archives/edgar/data/1015739/000156459021038614/Financial_Report.xlsx,2021-06,1500,-2.717391304347826,-0.029296982355851164,92.75328330206379,"Q2,2021"
21,21,1015739,3/30/2021,4419.0,1015739_0.csv,15731.0,1473.0,17676.0,1.1236412179772424,-0.2898491308625779,1.289849130862578,0.2898423817863397,0.00012147702203987383,1.5323397623222287e-05,-3.8766416674541575,"('Q1', '2021')",https://www.sec.gov/Archives/edgar/data/1015739/000156459021021322/Financial_Report.xlsx,2021-03,1652,0.4673267326732674,0.005116741406548981,91.33288074224936,"Q1,2021"
22,22,1015739,12/30/2020,3426.0,1015739_0.csv,12196.0,1142.0,13704.0,1.1236470974089865,,,,0.00011355086754055978,1.2483111566018424e-05,,"('Q4', '2020')",https://www.sec.gov/Archives/edgar/data/1015739/000156459021006373/Financial_Report.xlsx,2020-12,1640,,,90.45534150612959,"Q4,2020"
23,23,1017655,ttm,14626.0,1017655_0.csv,370267.0,4875.333333333333,58504.0,0.1580048991673576,-2.7702325676116,3.7702325676116,3.2028735632183905,0.0003403374054682955,0.0003402357511858314,-0.0570366910759352,"('-1', 'ttm')",,2021-ttm,0,,,23.615479283467803,"-1,ttm"
24,24,1017655,9/29/2021,3480.0,1017655_0.csv,98208.0,1160.0,13920.0,0.14173998044965788,0.1334715665946089,0.8665284334053911,-0.13346613545816738,9.566418572047093e-05,9.566335476329633e-05,1.0619488784466171,"('Q3', '2021')",https://www.sec.gov/Archives/edgar/data/1017655/000185173421000089/Financial_Report.xlsx,2021-09,0,-0.0,-0.0,22.32758620689655,"Q3,2021"
25,25,1017655,6/29/2021,4016.0,1017655_0.csv,113335.0,1338.6666666666667,16064.0,0.14173909207217542,-0.14318135969336293,1.1431813596933629,0.14318246512951902,0.00011039866949810663,0.00011039840249366841,-0.9899269875333194,"('Q2', '2021')",https://www.sec.gov/Archives/edgar/data/1017655/000165495421009086/Financial_Report.xlsx,2021-06,0,0.0,0.0,23.232071713147413,"Q2,2021"
26,26,1017655,3/30/2021,3513.0,1017655_0.csv,99140.0,1171.0,14052.0,0.14173895501311276,0.1535466684880981,0.8464533315119019,-0.028753110312413663,9.657134610230295e-05,9.65712059224625e-05,0.9231001649775256,"('Q1', '2021')",https://www.sec.gov/Archives/edgar/data/1017655/000165495421005705/Financial_Report.xlsx,2021-03,0,-0.0,-0.0,25.02134927412468,"Q1,2021"
27,27,1017655,12/30/2020,3617.0,1017655_0.csv,117124.0,1205.6666666666667,14468.0,0.12352720193982444,,,,0.00011988134497787649,0.00011988126919140227,,"('Q4', '2020')",https://www.sec.gov/Archives/edgar/data/1017655/000165495421003649/Financial_Report.xlsx,2020-12,0,,,23.88719933646669,"Q4,2020"
28,28,1019034,ttm,5243.0,1019034_0.csv,1000.0,1747.666666666667,20972.0,20.972,-0.009081735620585271,1.0090817356205852,3.0361816782140107,0.00012200116346713206,9.188929912355986e-07,-2309.2502222222224,"('-1', 'ttm')",,2021-ttm,0,,,69.27331680335685,"-1,ttm"
29,29,1019034,9/29/2021,1299.0,1019034_0.csv,991.0,433.0,5196.0,5.243188698284562,-0.3108465608465609,1.3108465608465611,0.3093570139805865,3.5709131393934395e-05,9.653224235339956e-07,-16.867449599587776,"('Q3', '2021')",https://www.sec.gov/Archives/edgar/data/1019034/000143774921026757/Financial_Report.xlsx,2021-09,0,0.0,0.0,77.3153194765204,"Q3,2021"
30,30,1019034,6/29/2021,992.09,1019034_0.csv,756.0,330.69666666666666,3968.36,5.249153439153438,0.4753643303261624,0.5246356696738377,-0.4748067760719957,2.727226494581091e-05,7.364114552893045e-07,11.0423797165257,"('Q2', '2021')",https://www.sec.gov/Archives/edgar/data/1019034/000143774921020184/Financial_Report.xlsx,2021-06,0,-0.0,-0.0,75.85209003215434,"Q2,2021"
31,31,1019034,3/30/2021,1889.0,1019034_0.csv,1441.0,629.6666666666666,7556.0,5.2435808466342815,-0.7768187422934648,1.7768187422934651,0.7753759398496238,5.1928059432749874e-05,1.4036625754919151e-06,-6.750069947016512,"('Q1', '2021')",https://www.sec.gov/Archives/edgar/data/1019034/000143774921012546/Financial_Report.xlsx,2021-03,0,0.0,0.0,59.415828480677604,"Q1,2021"
32,32,1019034,12/30/2020,1064.0,1019034_0.csv,811.0,354.66666666666674,4256.0,5.247842170160296,,,,3.526506802777456e-05,8.300921187308086e-07,,"('Q4', '2020')",https://www.sec.gov/Archives/edgar/data/1019034/000143774921007486/Financial_Report.xlsx,2020-12,0,,,70.81766917293233,"Q4,2020"
33,33,1019671,ttm,23866.0,1019671_0.csv,200.0,7955.333333333332,95464.0,477.32,0.16317991631799164,0.8368200836820083,2.3374353237309458,0.0005553461314717858,1.8377859824711974e-07,2925.1148717948718,"('-1', 'ttm')",,2021-ttm,5402,,,56.52811531048354,"-1,ttm"
34,34,1019671,10/30/2021,7151.0,1019671_0.csv,239.0,2383.6666666666665,28604.0,119.68200836820084,-0.091324200913242,1.091324200913242,0.09342507645259933,0.00019657890577215155,2.3280732515098385e-07,-1310.5179916317993,"('Q3', '2021')",https://www.sec.gov/Archives/edgar/data/1019671/000156459021060353/Financial_Report.xlsx,2021-09,1449,72.45,1.3957164601293102,51.9088239407076,"Q3,2021"
35,35,1019671,7/30/2021,6540.0,1019671_0.csv,219.0,2180.0,26160.0,119.45205479452056,-0.2958579881656805,1.2958579881656804,0.2945368171021377,0.00017978269385398842,2.1332554061952078e-07,-403.74794520547937,"('Q2', '2021')",https://www.sec.gov/Archives/edgar/data/1019671/000156459021047915/Financial_Report.xlsx,2021-06,1643,32.86,0.5219927131406364,62.95107033639143,"Q2,2021"
36,36,1019671,4/29/2021,5052.0,1019671_0.csv,169.0,1684.0,20208.0,119.57396449704142,0.011695906432748536,0.9883040935672516,-0.013859066952957296,0.000138878007545925,1.6462107929086304e-07,10223.573964497042,"('Q1', '2021')",https://www.sec.gov/Archives/edgar/data/1019671/000156459021032653/Financial_Report.xlsx,2021-03,1380,-690.0,-12.313246202755213,56.037212984956454,"Q1,2021"
37,37,1019671,1/30/2021,5123.0,1019671_0.csv,171.0,1707.666666666667,20492.0,119.83625730994152,,,,0.0001408297768522909,1.6656925774400936e-07,,"('Q4', '2020')",https://www.sec.gov/Archives/edgar/data/1019671/000156459021018886/Financial_Report.xlsx,2020-12,930,,,55.26058949834081,"Q4,2020"
38,38,1021435,ttm,3517.0,1021435_0.csv,89035.0,1172.3333333333333,14068.0,0.1580052788229348,-2.4315501426038697,3.4315501426038697,2.825320861431368,8.183827806864457e-05,8.181363747466153e-05,-0.06498129569877263,"('-1', 'ttm')",,2021-ttm,561.2,,,95.37105487631504,"-1,ttm"
39,39,1021435,9/29/2021,919.4,1021435_0.csv,25946.0,306.46666666666664,3677.6,0.14174053804054573,-0.022583060733850944,1.0225830607338509,0.022578133689244752,2.527403803201177e-05,2.527371907266705e-05,-6.276409549219487,"('Q3', '2021')",https://www.sec.gov/Archives/edgar/data/1021435/000149315221028712/Financial_Report.xlsx,2021-09,152,0.2652705061082025,0.0027611197024327108,96.07352621274744,"Q3,2021"
40,40,1021435,6/29/2021,899.1,1021435_0.csv,25373.0,299.7,3596.4,0.1417412209829346,-0.04523171987641607,1.0452317198764158,0.045222041385724165,2.471599694864236e-05,2.471556594584064e-05,-3.1336686150826387,"('Q2', '2021')",https://www.sec.gov/Archives/edgar/data/1021435/000149315221020265/Financial_Report.xlsx,2021-06,153.1,0.13943533697632055,0.0014688495779192714,94.92826159492826,"Q2,2021"
41,41,1021435,3/30/2021,860.2,1021435_0.csv,24275.0,286.73333333333335,3440.8,0.14174253347064886,0.10615656528463067,0.8938434347153693,0.025634911172052053,2.3646647286422145e-05,2.364601597506332e-05,1.335221548385668,"('Q1', '2021')",https://www.sec.gov/Archives/edgar/data/1021435/000149315221011959/Financial_Report.xlsx,2021-03,143,-0.04960110995490808,-0.0005228783674413229,94.86166007905138,"Q1,2021"
42,42,1021435,12/30/2020,838.7,1021435_0.csv,27158.0,279.56666666666666,3354.8,0.12352897856985053,,,,2.779775616061515e-05,2.779733879222109e-05,,"('Q4', '2020')",https://www.sec.gov/Archives/edgar/data/1021435/000149315221007517/Financial_Report.xlsx,2020-12,113.1,,,95.58841063550732,"Q4,2020"
43,43,1022505,ttm,6.6670000000000025,1022505_0.csv,168.0,2.2223333333333337,26.66800000000001,0.1587380952380953,-inf,inf,inf,1.551367073880163e-07,1.5437402252758054e-07,-0.0,"('-1', 'ttm')",,2021-ttm,124.518,,,100.0,"-1,ttm"
44,44,1022505,12/30/2021,0.0,1022505_0.csv,0.0,0.0,0.0,,,,,0.0,0.0,,"('Q4', '2021')",,2021-12,53.393,,,,"Q4,2021"
45,45,1022505,9/29/2021,0.0,1022505_0.csv,0.0,0.0,0.0,,,,,0.0,0.0,,"('Q3', '2021')",https://www.sec.gov/Archives/edgar/data/1022505/000149315221032215/Financial_Report.xlsx,2021-09,39.875,,,,"Q3,2021"
46,46,1022505,6/29/2021,0.0,1022505_0.csv,0.0,0.0,0.0,,1.0,0.0,-1.0,0.0,0.0,,"('Q2', '2021')",https://www.sec.gov/Archives/edgar/data/1022505/000149315221020128/Financial_Report.xlsx,2021-06,0,-0.0,,,"Q2,2021"
47,47,1022505,3/30/2021,6.6670000000000025,1022505_0.csv,188.0,2.2223333333333337,26.66800000000001,0.14185106382978727,0.33568904593639576,0.6643109540636043,-0.2380571428571427,1.8327388683861488e-07,1.8312877459575297e-07,0.4225668533034716,"('Q1', '2021')",https://www.sec.gov/Archives/edgar/data/1022505/000149315221011823/Financial_Report.xlsx,2021-03,31.25,-0.32894736842105265,-0.0032894736842105266,100.0,"Q1,2021"
48,48,1022505,12/30/2020,8.75,1022505_0.csv,283.0,2.9166666666666665,35.0,0.1236749116607774,,,,2.90008783123146e-07,2.896622313203685e-07,,"('Q4', '2020')",https://www.sec.gov/Archives/edgar/data/1022505/000149315221003963/Financial_Report.xlsx,2020-12,25,,,100.0,"Q4,2020"
49,49,1023731,ttm,601477.0,1023731_0.csv,1200000.0,200492.33333333328,2405908.0,2.004923333333333,0.041464642026982766,0.9585353579730173,2.8341407753993653,0.013995974403723094,0.0011026715894827184,48.3526020079625,"('-1', 'ttm')",,2021-ttm,300134,,,60.06996111239497,"-1,ttm"
50,50,1023731,12/30/2021,156874.0,1023731_0.csv,1251910.0,52291.33333333334,627496.0,0.5012309191555303,-0.035082903533590525,1.0350829035335904,0.03508251021067986,0.004312420537561251,0.0012194720436391974,-14.287042082352764,"('Q4', '2021')",,2021-12,76797,1.809884049773756,0.02925842440480298,61.85856164820174,"Q4,2021"
51,51,1023731,9/29/2021,151557.0,1023731_0.csv,1209478.0,50519.0,606228.0,0.501231109619191,-0.021775750991381286,1.0217757509913812,0.02177621066966899,0.004166257757252129,0.0011781394895772454,-23.01785641365828,"('Q3', '2021')",https://www.sec.gov/Archives/edgar/data/1023731/000102373121000243/Financial_Report.xlsx,2021-09,76726,2.976644941030416,0.048988096137229535,60.76261736508376,"Q3,2021"
52,52,1023731,6/29/2021,148327.0,1023731_0.csv,1183702.0,49442.33333333334,593308.0,0.5012308841245516,-0.024931856043944624,1.0249318560439449,0.024931073321402267,0.004077465998666749,0.0011530313656730954,-20.104034101636373,"('Q2', '2021')",https://www.sec.gov/Archives/edgar/data/1023731/000102373121000161/Financial_Report.xlsx,2021-06,75915,2.636486768076683,0.044152394446095235,59.71333607502344,"Q2,2021"
53,53,1023731,3/30/2021,144719.0,1023731_0.csv,1154908.0,48239.66666666666,578876.0,0.5012312669061085,-0.0587773676789568,1.0587773676789567,0.058777481069612614,0.003978283130253111,0.0011249834404831482,-8.527623585388241,"('Q1', '2021')",,2021-03,70696,1.1026608852980628,0.019086666107629883,57.771267076195926,"Q1,2021"
54,54,1023731,12/30/2020,136685.0,1023731_0.csv,1090794.0,45561.66666666666,546740.0,0.5012312132263287,,,,0.004530268630992825,0.001116472876151484,,"('Q4', '2020')",https://www.sec.gov/Archives/edgar/data/1023731/000102373121000091/Financial_Report.xlsx,2020-12,63986,,,55.804952994110536,"Q4,2020"
55,55,1029744,ttm,33255.0,1029744_0.csv,4700.0,11085.0,133020.0,28.30212765957447,-0.14634146341463414,1.146341463414634,3.5849993106300846,0.0007738219895287957,4.318797058807312e-06,-193.39787234042552,"('-1', 'ttm')",,2021-ttm,12051,,,69.96541873402495,"-1,ttm"
56,56,1029744,12/30/2021,7253.0,1029744_0.csv,4100.0,2417.6666666666665,29012.0,7.07609756097561,0.15949159491594914,0.8405084050840508,-0.15955967555040554,0.00019938285604326886,3.993765828949932e-06,44.36658599285222,"('Q4', '2021')",,2021-12,3091,-3.9730077120822616,-0.05597557291323358,70.97752654074176,"Q4,2021"
57,57,1029744,9/29/2021,8630.0,1029744_0.csv,4878.0,2876.666666666666,34520.0,7.076670766707668,0.0036764705882352936,0.9963235294117648,-0.0035792633645076147,0.00023723618470335167,4.7516072472238455e-06,1924.854448544485,"('Q3', '2021')",https://www.sec.gov/Archives/edgar/data/1029744/000143774921028230/Financial_Report.xlsx,2021-09,3205,-178.05555555555554,-2.585160572753104,68.8760139049826,"Q3,2021"
58,58,1029744,6/29/2021,8661.0,1029744_0.csv,4896.0,2887.0,34644.0,7.075980392156862,0.005686433793663688,0.9943135662063364,-0.005739869130983762,0.00023808836566810302,4.7691408533021626e-06,1244.3616946778716,"('Q2', '2021')",https://www.sec.gov/Archives/edgar/data/1029744/000143774921019692/Financial_Report.xlsx,2021-06,2860,-102.14285714285714,-1.4649102263856362,69.72635954277797,"Q2,2021"
59,59,1029744,3/30/2021,8711.0,1029744_0.csv,4924.0,2903.666666666666,34844.0,7.076360682372055,0.04960432348967381,0.9503956765103262,-0.04953627932351341,0.0002394628510951213,4.7964153516462106e-06,142.65612721933704,"('Q1', '2021')",https://www.sec.gov/Archives/edgar/data/1029744/000143774921012090/Financial_Report.xlsx,2021-03,2895,-11.264591439688717,-0.1599182790598572,70.43967397543338,"Q1,2021"
60,60,1029744,12/30/2020,9165.0,1029744_0.csv,5181.0,3055.0,36660.0,7.0758540822235085,,,,0.0003037634854084152,5.302968270214944e-06,,"('Q4', '2020')",https://www.sec.gov/Archives/edgar/data/1029744/000143774921002630/Financial_Report.xlsx,2020-12,3010,,,73.69339879978178,"Q4,2020"
61,61,1031308,ttm,965046.0,1031308_0.csv,24430845.0,321682.0,3860184.0,0.15800452256154054,-2.187053756157989,3.187053756157989,2.552796082906896,0.022455986038394417,0.02244933224046327,-0.07224537673875382,"('-1', 'ttm')",,2021-ttm,162240,,,77.56179498179362,"-1,ttm"
62,62,1031308,12/30/2021,271630.0,1031308_0.csv,7665652.0,90543.33333333331,1086520.0,0.14173875881660164,-0.09316651495785214,1.0931665149578522,0.09316645202833214,0.0074670295308194,0.007467029027858951,-1.5213487257811804,"('Q4', '2021')",,2021-12,47394,0.07254387240458278,0.000929209341622858,78.07053712771051,"Q4,2021"
63,63,1031308,9/29/2021,248480.0,1031308_0.csv,7012337.0,82826.66666666669,993920.0,0.14173876697597393,-0.11460486597329878,1.1146048659732988,0.11460496745629828,0.006830642778109945,0.006830641924800312,-1.2367604618899597,"('Q3', '2021')",https://www.sec.gov/Archives/edgar/data/1031308/000162828021022518/Financial_Report.xlsx,2021-09,44392,0.06156867531372396,0.0007875800235757449,78.17450096587251,"Q3,2021"
64,64,1031308,6/29/2021,222931.0,1031308_0.csv,6291321.0,74310.33333333331,891724.0,0.1417387540708859,-0.004171143786906315,1.0041711437869063,0.00417107722799023,0.006128308214612154,0.006128308007013443,-33.98078831897851,"('Q2', '2021')",https://www.sec.gov/Archives/edgar/data/1031308/000162828021016397/Financial_Report.xlsx,2021-06,38014,1.454635900968125,0.01913402383990589,76.02352297347609,"Q2,2021"
65,65,1031308,3/30/2021,222005.0,1031308_0.csv,6265188.0,74001.66666666669,888020.0,0.14173876346567732,0.11881021429358055,0.8811897857064195,0.011103672227611685,0.006102852744503776,0.006102852133255407,1.1929846630479108,"('Q1', '2021')",https://www.sec.gov/Archives/edgar/data/1031308/000162828021009814/Financial_Report.xlsx,2021-03,32440,-0.038402757801004106,-0.0004936198294085039,77.798247787212,"Q1,2021"
66,66,1031308,12/30/2020,219567.0,1031308_0.csv,7109919.0,73189.0,878268.0,0.12352714566790425,,,,0.007277298112457121,0.007277296827021494,,"('Q4', '2020')",https://www.sec.gov/Archives/edgar/data/1031308/000162828021003727/Financial_Report.xlsx,2020-12,36240,,,76.97149389480205,"Q4,2020"
67,67,1039280,ttm,58046.0,1039280_0.csv,1469476.0,19348.666666666668,232184.0,0.15800462205575322,-2.3652481782248054,3.3652481782248054,2.7514379887546045,0.0013506922629435718,0.0013502911971889225,-0.06680255522883048,"('-1', 'ttm')",,2021-ttm,6815,,,46.540674637356574,"-1,ttm"
68,68,1039280,12/30/2021,15473.0,1039280_0.csv,436662.0,5157.666666666667,61892.0,0.14173891934722965,-0.15289383846464585,1.152893838464646,0.1528947172341852,0.0004253482602450708,0.00042534774985388663,-0.9270414084083868,"('Q4', '2021')",,2021-12,1807,0.031204130618729387,0.0006317172747135937,49.39572157952564,"Q4,2021"
69,69,1039280,9/29/2021,13421.0,1039280_0.csv,378753.0,4473.666666666667,53684.0,0.1417388113097454,0.12669155335843524,0.8733084466415648,-0.1266918271733472,0.0003689393783202413,0.0003689392168322618,1.1187708063594304,"('Q3', '2021')",https://www.sec.gov/Archives/edgar/data/1039280/000149315221028037/Financial_Report.xlsx,2021-09,1620,-0.0294834928839224,-0.0007269850413285365,40.555845317040465,"Q3,2021"
70,70,1039280,6/29/2021,15368.0,1039280_0.csv,433699.0,5122.666666666667,61472.0,0.1417388557501862,-0.11491605333717228,1.1149160533371725,0.11491584445734185,0.00042246184084833243,0.0004224615234755504,-1.2334121442050732,"('Q2', '2021')",,2021-06,1791,0.04006532146212698,0.0008205275322894023,48.82873503383654,"Q2,2021"
71,71,1039280,3/30/2021,13784.0,1039280_0.csv,388997.0,4594.666666666667,55136.0,0.14173888230500492,0.08445012450632887,0.9155498754936712,0.05052968523740568,0.0003789181425203939,0.0003789177868692773,1.6783738701815971,"('Q1', '2021')",https://www.sec.gov/Archives/edgar/data/1039280/000149315221011242/Financial_Report.xlsx,2021-03,1596,-0.04448036565313118,-0.0009542682648447627,46.612013929193274,"Q1,2021"
72,72,1039280,12/30/2020,13121.0,1039280_0.csv,424878.0,4373.666666666667,52484.0,0.12352722428555962,,,,0.0004348805992410056,0.00043488024564994885,,"('Q4', '2020')",https://www.sec.gov/Archives/edgar/data/1039280/000149315221023957/Financial_Report.xlsx,2020-12,1558,,,46.048319487843905,"Q4,2020"
73,73,1044777,ttm,214481.0,1044777_0.csv,10000.0,71493.66666666669,857924.0,85.7924,0.09346387453540024,0.9065361254645996,2.6258685104728414,0.004990831878999419,9.188929912355986e-06,917.9204310378273,"('-1', 'ttm')",,2021-ttm,62730,,,66.64226668096475,"-1,ttm"
74,74,1044777,12/30/2021,59153.0,1044777_0.csv,11031.0,19717.666666666668,236612.0,21.449732571842986,-0.13150066673504976,1.1315006667350498,0.13155176371566316,0.0016260987292882226,1.0745178258328462e-05,-163.11501001786058,"('Q4', '2021')",,2021-12,12880,10.046801872074884,0.17349247442383467,57.909150846110926,"Q4,2021"
75,75,1044777,9/29/2021,52276.0,1044777_0.csv,9749.0,17425.333333333332,209104.0,21.448763975792392,0.0,1.0,-1.912887120544936e-05,0.0014370520036561312,9.49639586986168e-06,inf,"('Q3', '2021')",https://www.sec.gov/Archives/edgar/data/1044777/000155837021014082/Financial_Report.xlsx,2021-09,15474,,,71.58160532557963,"Q3,2021"
76,76,1044777,6/29/2021,52277.0,1044777_0.csv,9749.0,17425.666666666668,209108.0,21.449174274284534,-0.029570176364980463,1.0295701763649805,0.029581486952240343,0.0014370794933646716,9.49639586986168e-06,-725.3651114400011,"('Q2', '2021')",https://www.sec.gov/Archives/edgar/data/1044777/000155837021010220/Financial_Report.xlsx,2021-06,15997,57.13214285714286,0.8341098199075202,68.49474912485414,"Q2,2021"
77,77,1044777,3/30/2021,50775.0,1044777_0.csv,9469.0,16925.0,203100.0,21.448938641884038,0.04062816616008105,0.9593718338399192,-0.0406779020556228,0.001395789951137043,9.223650886421197e-06,527.9327291655748,"('Q1', '2021')",https://www.sec.gov/Archives/edgar/data/1044777/000155837021005697/Financial_Report.xlsx,2021-03,18379,-45.832917705735646,-0.6564088783766474,69.82373215164944,"Q1,2021"
78,78,1044777,12/30/2020,52928.0,1044777_0.csv,9870.0,17642.666666666668,211712.0,21.450050658561295,,,,0.001754238271216214,1.0102354145342886e-05,,"('Q4', '2020')",https://www.sec.gov/Archives/edgar/data/1044777/000155837021001842/Financial_Report.xlsx,2020-12,16727,,,74.18001813784765,"Q4,2020"
79,79,1046327,ttm,58183.0,1046327_0.csv,500.0,19394.33333333333,232732.0,465.464,-0.08695652173913042,1.0869565217391304,3.341366960155201,0.0013538801628853985,4.594464956177993e-07,-5352.835999999998,"('-1', 'ttm')",,2021-ttm,22520,,,76.35735524122165,"-1,ttm"
80,80,1046327,12/30/2021,13402.0,1046327_0.csv,460.0,4467.333333333333,53608.0,116.5391304347826,0.06504065040650407,0.934959349593496,-0.06488975718671505,0.00036841707385797443,4.4808104422365095e-07,1791.7891304347825,"('Q4', '2021')",,2021-12,4947,-154.59375,-2.0685557483027157,74.73511416206536,"Q4,2021"
81,81,1046327,9/29/2021,14332.0,1046327_0.csv,492.0,4777.333333333333,57328.0,116.52032520325204,0.016,0.984,-0.015726941830918332,0.0003939825028005141,4.792518994739918e-07,7282.520325203252,"('Q3', '2021')",https://www.sec.gov/Archives/edgar/data/1046327/000104632721000042/Financial_Report.xlsx,2021-09,7177,-897.125,-11.466686435387494,78.23751046608987,"Q3,2021"
82,82,1046327,6/29/2021,14561.0,1046327_0.csv,500.0,4853.666666666667,58244.0,116.488,0.08424908424908427,0.9157509157509156,-0.08352215508559914,0.0004002776460562577,4.870446132865771e-07,1382.661913043478,"('Q2', '2021')",https://www.sec.gov/Archives/edgar/data/1046327/000104632721000033/Financial_Report.xlsx,2021-06,5259,-114.32608695652172,-1.5148804733587344,75.46871780784285,"Q2,2021"
83,83,1046327,3/30/2021,15888.0,1046327_0.csv,546.0,5296.0,63552.0,116.3956043956044,0.0975206611570248,0.9024793388429752,-0.09732401568092723,0.00043675648928932233,5.318527177089423e-07,1193.5481467684858,"('Q1', '2021')",https://www.sec.gov/Archives/edgar/data/1046327/000162828021010092/Financial_Report.xlsx,2021-03,5137,-87.06779661016952,-1.13304378126167,76.84415911379658,"Q1,2021"
84,84,1046327,12/30/2020,17601.0,1046327_0.csv,605.0,5867.0,70404.0,116.3702479338843,,,,0.0005833650962000564,6.192425793244627e-07,,"('Q4', '2020')",https://www.sec.gov/Archives/edgar/data/1046327/000104632721000018/Financial_Report.xlsx,2020-12,5073,,,77.06948468836998,"Q4,2020"
85,85,1050446,ttm,510762.0,1050446_0.csv,4000.0,170254.0,2043048.0,510.762,0.05055779729408972,0.9494422027059104,2.7970635245139945,0.011885095986038395,3.6755719649423936e-06,10102.536647887324,"('-1', 'ttm')",,2021-ttm,160141,,,82.00551333106222,"-1,ttm"
86,86,1050446,12/30/2021,134515.0,1050446_0.csv,4213.0,44838.33333333334,538060.0,127.71421789698552,-0.05088550760788226,1.0508855076078822,0.05094770067346919,0.003697778144307225,4.103837911552698e-06,-2509.834801710858,"('Q4', '2021')",,2021-12,43413,212.80882352941174,2.590305025432426,82.15589339478869,"Q4,2021"
87,87,1050446,9/29/2021,127994.0,1050446_0.csv,4009.0,42664.66666666666,511976.0,127.70666001496632,-0.02114111054508405,1.0211411105450845,0.02108479389873236,0.003518517754915503,3.905123709331775e-06,-6040.678882153708,"('Q3', '2021')",https://www.sec.gov/Archives/edgar/data/1050446/000156459021052646/Financial_Report.xlsx,2021-09,38209,460.3493975903614,5.5757710712259945,82.56246386549371,"Q3,2021"
88,88,1050446,6/29/2021,125351.0,1050446_0.csv,3926.0,41783.66666666666,501404.0,127.71370351502802,-0.020005196154845414,1.0200051961548453,0.019926445460610773,0.0034458624552433184,3.8242743035262036e-06,-6384.026556225232,"('Q2', '2021')",https://www.sec.gov/Archives/edgar/data/1050446/000156459021039125/Financial_Report.xlsx,2021-06,40321,523.6493506493507,6.415604053565701,81.62120764892181,"Q2,2021"
89,89,1050446,3/30/2021,122902.0,1050446_0.csv,3849.0,40967.333333333336,491608.0,127.72356456222396,0.06418672501823487,0.9358132749817653,-0.06409582771723812,0.003378540159027964,3.749269433080071e-06,1989.8750797137384,"('Q1', '2021')",https://www.sec.gov/Archives/edgar/data/1050446/000156459021021949/Financial_Report.xlsx,2021-03,38198,-144.68939393939394,-1.772006406778013,81.65286162959106,"Q1,2021"
90,90,1050446,12/30/2020,131319.0,1050446_0.csv,4113.0,43773.0,525276.0,127.71115973741794,,,,0.004352418673251247,4.2098259979529155e-06,,"('Q4', '2020')",https://www.sec.gov/Archives/edgar/data/1050446/000156459021005783/Financial_Report.xlsx,2020-12,39111,,,84.17213046093863,"Q4,2020"
91,91,1052054,ttm,27392.0,1052054_0.csv,100.0,9130.666666666666,109568.0,1095.68,0.0099009900990099,0.99009900990099,2.927731574419272,0.0006373938336242001,9.188929912355988e-08,110663.68,"('-1', 'ttm')",,2021-ttm,5565,,,67.55622079439252,"-1,ttm"
92,92,1052054,9/29/2021,6974.0,1052054_0.csv,101.0,2324.6666666666665,27896.0,276.1980198019802,0.00980392156862745,0.9901960784313726,-0.002859593937660982,0.0001917132273605069,9.838301188388856e-08,28172.19801980198,"('Q3', '2021')",https://www.sec.gov/Archives/edgar/data/1052054/000156276221000443/Financial_Report.xlsx,2021-09,1325,-1325.0,-18.88524422644594,70.16059650129051,"Q3,2021"
93,93,1052054,6/29/2021,6994.0,1052054_0.csv,102.0,2331.333333333333,27976.0,274.27450980392155,-0.0851063829787234,1.0851063829787233,0.0826625386996904,0.00019226302153131425,9.935710111046173e-08,-3222.7254901960773,"('Q2', '2021')",https://www.sec.gov/Archives/edgar/data/1052054/000156276221000340/Financial_Report.xlsx,2021-06,1415,176.875,2.572392909128717,68.75893623105519,"Q2,2021"
94,94,1052054,3/30/2021,6460.0,1052054_0.csv,94.0,2153.333333333333,25840.0,274.8936170212766,0.06930693069306931,0.9306930693069306,-0.07237219988512349,0.0001775835171707592,9.156438729787649e-08,3966.322188449848,"('Q1', '2021')",https://www.sec.gov/Archives/edgar/data/1052054/000156276221000223/Financial_Report.xlsx,2021-03,1341,-191.57142857142856,-2.932586323628978,65.3250773993808,"Q1,2021"
95,95,1052054,12/30/2020,6964.0,1052054_0.csv,101.0,2321.333333333333,27856.0,275.8019801980198,,,,0.0002308138475050959,1.0337768679631524e-07,,"('Q4', '2020')",https://www.sec.gov/Archives/edgar/data/1052054/000156276221000123/Financial_Report.xlsx,2020-12,1484,,,65.80987937966685,"Q4,2020"
96,96,1054721,ttm,40367.0,1054721_0.csv,1021920.0,13455.666666666664,161468.0,0.15800454047283544,-2.9889300477381933,3.9889300477381933,3.4466842916942046,0.0009393135543920883,0.000939035125603483,-0.0528632446893168,"('-1', 'ttm')",,2021-ttm,0,,,13.41442267198454,"-1,ttm"
97,97,1054721,12/30/2021,9078.0,1054721_0.csv,256189.0,3026.0,36312.0,0.14173910667515,0.14728731194248434,0.8527126880575157,-0.14728536539545364,0.00024955157412943533,0.00024955094486654977,0.9623307317231716,"('Q4', '2021')",,2021-12,0,-0.0,-0.0,14.342366159947126,"Q4,2021"
98,98,1054721,9/29/2021,10646.0,1054721_0.csv,300440.0,3548.666666666666,42584.0,0.14173878311809346,0.002341064935496189,0.9976589350645038,-0.0023427982382157675,0.0002926554371207278,0.0002926553672316384,60.544575662550706,"('Q3', '2021')",https://www.sec.gov/Archives/edgar/data/1054721/000143774921026155/Financial_Report.xlsx,2021-09,0,-0.0,-0.0,12.474168701859849,"Q3,2021"
99,99,1054721,6/29/2021,10671.0,1054721_0.csv,301145.0,3557.0,42684.0,0.14173902937123312,-0.07009476972059456,1.0700947697205945,0.07009626955475333,0.00029334267983423707,0.0002933421001363725,-2.0221056426352555,"('Q2', '2021')",https://www.sec.gov/Archives/edgar/data/1054721/000143774921019722/Financial_Report.xlsx,2021-06,0,0.0,0.0,11.170461999812577,"Q2,2021"
100,100,1054721,3/30/2021,9972.0,1054721_0.csv,281419.0,3324.0,39888.0,0.14173883071150134,0.2150010041953048,0.7849989958046952,-0.09926835877517844,0.0002741273735645218,0.0002741272160529905,0.659247296271915,"('Q1', '2021')",https://www.sec.gov/Archives/edgar/data/1054721/000143774921012093/Financial_Report.xlsx,2021-03,0,-0.0,-0.0,15.974729241877256,"Q1,2021"
101,101,1054721,12/30/2020,11071.0,1054721_0.csv,358496.0,3690.333333333334,44284.0,0.12352718021958405,,,,0.00036693568433786853,0.000366935516888434,,"('Q4', '2020')",https://www.sec.gov/Archives/edgar/data/1054721/000143774921006492/Financial_Report.xlsx,2020-12,0,,,19.91690000903261,"Q4,2020"
102,102,1056696,ttm,663643.0,1056696_0.csv,900.0,221214.33333333328,2654572.0,2949.524444444445,0.03225806451612903,0.967741935483871,2.869773869639755,0.015442536358347875,8.270036921120387e-07,91435.25777777778,"('-1', 'ttm')",,2021-ttm,57855,,,55.122407680032794,"-1,ttm"
103,103,1056696,12/30/2021,171494.0,1056696_0.csv,930.0,57164.66666666666,685976.0,737.6086021505375,-0.014176663031624863,1.014176663031625,0.013647782013771865,0.004714320076421389,9.059029807130331e-07,-52029.77601323409,"('Q4', '2021')",,2021-12,16652,1280.923076923077,24.445057716061807,52.40008396795222,"Q4,2021"
104,104,1056696,9/29/2021,169185.0,1056696_0.csv,917.0,56395.0,676740.0,737.9934569247546,-0.01775804661487236,1.0177580466148723,0.018487303899731463,0.004650846339401687,8.932398207675823e-07,-41558.25654307525,"('Q3', '2021')",https://www.sec.gov/Archives/edgar/data/1056696/000156459021052706/Financial_Report.xlsx,2021-09,14057,878.5625,15.216682353197115,57.73679699736974,"Q3,2021"
105,105,1056696,6/29/2021,166114.0,1056696_0.csv,901.0,55371.33333333334,664456.0,737.4650388457269,-0.06,1.06,0.05906279885240676,0.004566425444474225,8.776543931424118e-07,-12291.08398076212,"('Q2', '2021')",https://www.sec.gov/Archives/edgar/data/1056696/000156459021039189/Financial_Report.xlsx,2021-06,13750,269.6078431372549,4.6902831048428,57.48221101171485,"Q2,2021"
106,106,1056696,3/30/2021,156850.0,1056696_0.csv,850.0,52283.33333333334,627400.0,738.1176470588235,-0.06649937264742785,1.066499372647428,0.06641193347928366,0.0043117607845562815,8.279758425871809e-07,-11099.61820199778,"('Q1', '2021')",https://www.sec.gov/Archives/edgar/data/1056696/000156459021022006/Financial_Report.xlsx,2021-03,13396,252.75471698113208,4.788859981698443,52.779725852725534,"Q1,2021"
107,107,1056696,12/30/2020,147082.0,1056696_0.csv,797.0,49027.33333333334,588328.0,738.1781681304892,,,,0.004874865353064978,8.157625383828045e-07,,"('Q4', '2020')",https://www.sec.gov/Archives/edgar/data/1056696/000156459021004542/Financial_Report.xlsx,2020-12,13562,,,54.561401123182975,"Q4,2020"
108,108,1064722,ttm,6707.0,1064722_0.csv,169792.0,2235.6666666666665,26828.0,0.1580050885789672,-2.0112973308504034,3.0112973308504034,2.3568568568568566,0.00015606748109365907,0.00015602067876787477,-0.07855879195750763,"('-1', 'ttm')",,2021-ttm,-,,,17.17608468763978,"-1,ttm"
109,109,1064722,9/29/2021,1998.0,1064722_0.csv,56385.0,666.0,7992.0,0.14173982442138866,0.4083544941344358,0.5916455058655642,-0.4083506070476755,5.492443766364967e-05,5.4924021040327295e-05,0.3470999498164602,"('Q3', '2021')",https://www.sec.gov/Archives/edgar/data/1064722/000176031921000039/Financial_Report.xlsx,2021-09,0.085,-2.1841354677904253e-06,-4.647393679068445e-08,46.996996996997005,"Q3,2021"
110,110,1064722,6/29/2021,3377.0,1064722_0.csv,95302.0,1125.6666666666667,13508.0,0.141738893202661,-4.073303167420814,5.073303167420813,4.073107124132638,9.283274574081328e-05,9.283265147087472e-05,-0.03479703998865595,"('Q2', '2021')",https://www.sec.gov/Archives/edgar/data/1064722/000149315221021218/Financial_Report.xlsx,2021-06,0.04,5.227596481827568e-07,-8.097978586757661e-08,-6.455433816997334,"Q2,2021"
111,111,1064722,3/30/2021,665.6669999999998,1064722_0.csv,18785.0,221.889,2662.6679999999997,0.14174437050838434,-2.5869772770670227,3.5869772770670227,3.1157627244398274,1.829899181493928e-05,1.82982661211767e-05,-0.05479150194511432,"('Q1', '2021')",https://www.sec.gov/Archives/edgar/data/1064722/000149315221011707/Financial_Report.xlsx,2021-03,1.649,0.00012171538234425747,1.7565688403700989e-06,69.29155268324853,"Q1,2021"
112,112,1064722,12/30/2020,161.736,1064722_0.csv,5237.0,53.912,646.944,0.12353332060339887,,,,5.360555491109159e-06,5.36028659160696e-06,,"('Q4', '2020')",,2020-12,-,,,-19.01184646584559,"Q4,2020"
113,113,1066194,ttm,84534.0,1066194_0.csv,330.0,28178.0,338136.0,1024.6545454545455,0.08333333333333333,0.9166666666666666,2.660589789113584,0.0019670506108202443,3.032346871077476e-07,12295.854545454551,"('-1', 'ttm')",,2021-ttm,29660,,,74.77464688764283,"-1,ttm"
114,114,1066194,12/30/2021,23093.0,1066194_0.csv,360.0,7697.666666666668,92372.0,256.5888888888889,-0.07784431137724551,1.0778443113772456,0.07654654794648277,0.0006348198393226536,3.506721215663355e-07,-3296.180341880342,"('Q4', '2021')",,2021-12,8155,313.65384615384613,4.262716730950312,73.58073875200276,"Q4,2021"
115,115,1066194,9/29/2021,21451.0,1066194_0.csv,334.0,7150.333333333332,85804.0,256.89820359281435,-0.0569620253164557,1.0569620253164558,0.05941327538522324,0.0005896817378993739,3.253458016754335e-07,-4509.990685296074,"('Q3', '2021')",https://www.sec.gov/Archives/edgar/data/1066194/000155837021015782/Financial_Report.xlsx,2021-09,7404,411.33333333333326,5.462459811386945,75.30185072956972,"Q3,2021"
116,116,1066194,6/29/2021,20248.0,1066194_0.csv,316.0,6749.333333333332,80992.0,256.30379746835445,-0.025974025974025976,1.025974025974026,0.02557868611659824,0.0005566116185253147,3.078121955971167e-07,-9867.696202531646,"('Q2', '2021')",https://www.sec.gov/Archives/edgar/data/1066194/000155837021012388/Financial_Report.xlsx,2021-06,7175,896.875,11.970945945945948,74.92097984986171,"Q2,2021"
117,117,1066194,3/30/2021,19743.0,1066194_0.csv,308.0,6581.0,78972.0,256.4025974025974,-0.02666666666666667,1.0266666666666666,0.02651692403681173,0.0005427293157124302,3.000194817845315e-07,-9615.0974025974,"('Q1', '2021')",https://www.sec.gov/Archives/edgar/data/1066194/000155837021007258/Financial_Report.xlsx,2021-03,6927,865.875,11.475444804323015,75.4545915007851,"Q1,2021"
118,118,1066194,12/30/2020,19233.0,1066194_0.csv,300.0,6411.0,76932.0,256.44,,,,0.0006374558772351391,3.0706243602865914e-07,,"('Q4', '2020')",https://www.sec.gov/Archives/edgar/data/1066194/000155837021000962/Financial_Report.xlsx,2020-12,6266,,,75.50564134560392,"Q4,2020"
119,119,1066684,ttm,0.0,1066684_0.csv,1300000.0,0.0,0.0,0.0,-inf,inf,,0.0,0.0011945608886062785,-0.0,"('-1', 'ttm')",,2021-ttm,0,,,57.68238576036625,"-1,ttm"
120,120,1066684,9/29/2021,0.0,1066684_0.csv,0.0,0.0,0.0,,,,,0.0,0.0,,"('Q3', '2021')",https://www.sec.gov/Archives/edgar/data/1066684/000141057821000142/Financial_Report.xlsx,2021-09,0,,,56.77979920333576,"Q3,2021"
121,121,1066684,6/29/2021,0.0,1066684_0.csv,0.0,0.0,0.0,,,,,0.0,0.0,,"('Q2', '2021')",https://www.sec.gov/Archives/edgar/data/1066684/000110465921101993/Financial_Report.xlsx,2021-06,0,,,57.67080619716031,"Q2,2021"
122,122,1066684,3/30/2021,0.0,1066684_0.csv,0.0,0.0,0.0,,,,,0.0,0.0,,"('Q1', '2021')",https://www.sec.gov/Archives/edgar/data/1066684/000110465921066660/Financial_Report.xlsx,2021-03,0,,,57.810184313308056,"Q1,2021"
123,123,1066684,12/30/2020,0.0,1066684_0.csv,0.0,0.0,0.0,,,,,0.0,0.0,,"('Q4', '2020')",https://www.sec.gov/Archives/edgar/data/1066684/000110465921042359/Financial_Report.xlsx,2020-12,0,,,58.52669892873392,"Q4,2020"
124,124,1073349,ttm,495406.0,1073349_0.csv,12541565.0,165135.33333333337,1981624.0,0.1580045233589269,-2.4507093019128687,3.4507093019128687,2.8467081304790085,0.011527771960442116,0.011524356177625691,-0.06447297655237957,"('-1', 'ttm')",,2021-ttm,133372,,,58.40688133489624,"-1,ttm"
125,125,1073349,12/30/2021,128787.0,1073349_0.csv,3634489.0,42929.0,515148.0,0.14173876987934206,-0.04192391137327392,1.041923911373274,0.04192387039359256,0.0035403170937880132,0.0035403165789986367,-3.3808574924547505,"('Q4', '2021')",,2021-12,34655,0.2369718478402089,0.003909110620920014,60.62039957939012,"Q4,2021"
126,126,1073349,9/29/2021,123605.0,1073349_0.csv,3488248.0,41201.66666666666,494420.0,0.14173877545403882,-0.012085554608404705,1.0120855546084049,0.01208558163908654,0.003397865424131841,0.003397864796415352,-11.727949609815084,"('Q3', '2021')",https://www.sec.gov/Archives/edgar/data/1073349/000107334921000132/Financial_Report.xlsx,2021-09,33814,0.8117827819657176,0.013442105491453213,60.39104383475245,"Q3,2021"
127,127,1073349,6/29/2021,122129.0,1073349_0.csv,3446594.0,40709.66666666666,488516.0,0.14173877166849358,-0.01029082039591533,1.0102908203959151,0.0102907722215328,0.003357290614326261,0.003357290083771673,-13.773320903040256,"('Q2', '2021')",https://www.sec.gov/Archives/edgar/data/1073349/000107334921000114/Financial_Report.xlsx,2021-06,33378,0.95075056256587,0.015251841990444772,62.33676975945017,"Q2,2021"
128,128,1073349,3/30/2021,120885.0,1073349_0.csv,3411487.0,40295.0,483540.0,0.1417387784271199,0.09197383256375503,0.908026167436245,0.04189650417155078,0.003323093416902047,0.00332309273329437,1.5410772224683411,"('Q1', '2021')",https://www.sec.gov/Archives/edgar/data/1073349/000107334921000066/Financial_Report.xlsx,2021-03,31525,-0.0912316342978854,-0.0014977903823983054,60.910815939278926,"Q1,2021"
129,129,1073349,12/30/2020,116024.0,1073349_0.csv,3757036.0,38674.66666666666,464096.0,0.12352716343415394,,,,0.0038454833203519882,0.003845482088024565,,"('Q4', '2020')",https://www.sec.gov/Archives/edgar/data/1073349/000107334921000028/Financial_Report.xlsx,2020-12,29237,,,58.75370919881307,"Q4,2020"
130,130,1081745,ttm,11412.0,1081745_0.csv,288903.0,3804.0,45648.0,0.1580045897758071,-2.228399338458788,3.2283993384587877,2.5988647114474928,0.00026554973821989533,0.00026547094184693813,-0.07090497068855114,"('-1', 'ttm')",,2021-ttm,1287,,,-23495.0,"-1,ttm"
131,131,1081745,9/29/2021,3171.0,1081745_0.csv,89488.0,1057.0,12684.0,0.14173967459324155,-0.08969581841650227,1.0896958184165022,0.08969072164948454,8.716986578149805e-05,8.716929670757842e-05,-1.5802261141659222,"('Q3', '2021')",https://www.sec.gov/Archives/edgar/data/1081745/000149315221028508/Financial_Report.xlsx,2021-09,372.399,0.0505564756991583,0.0005055647569915829,100.0,"Q3,2021"
132,132,1081745,6/29/2021,2910.0,1081745_0.csv,82122.0,970.0,11640.0,0.14174033754657706,-0.10435437454613916,1.1043543745461393,0.10436432637571152,7.999505185246275e-05,7.999415546464056e-05,-1.3582596624534231,"('Q2', '2021')",https://www.sec.gov/Archives/edgar/data/1081745/000149315221019927/Financial_Report.xlsx,2021-06,341.595,0.04401997422680413,0.0004401997422680413,100.0,"Q2,2021"
133,133,1081745,3/30/2021,2635.0,1081745_0.csv,74362.0,878.3333333333335,10540.0,0.14173906027271993,0.14820160366552118,0.8517983963344788,-0.02262611275964384,7.243538200386229e-05,7.243522306643289e-05,0.9563935663787642,"('Q1', '2021')",https://www.sec.gov/Archives/edgar/data/1081745/000149315221011688/Financial_Report.xlsx,2021-03,290.311,-0.022438630391096,1.189368726338174e-07,-188660.0,"Q1,2021"
134,134,1081745,12/30/2020,2696.0,1081745_0.csv,87300.0,898.6666666666665,10784.0,0.12352806414662085,,,,8.935584906285734e-05,8.935516888433981e-05,,"('Q4', '2020')",https://www.sec.gov/Archives/edgar/data/1081745/000149315221007156/Financial_Report.xlsx,2020-12,282.343,,,100.0,"Q4,2020"
135,135,1082324,ttm,40.0,1082324_0.csv,1012.0,13.333333333333336,160.0,0.15810276679841898,-8.035714285714286,9.035714285714286,9.0,9.307737056428156e-07,9.299197071304258e-07,-0.01967501097935881,"('-1', 'ttm')",,2021-ttm,0,,,86.72618904767485,"-1,ttm"
136,136,1082324,9/29/2021,4.0,1082324_0.csv,112.0,1.3333333333333333,16.0,0.14285714285714285,0.7352245862884159,0.264775413711584,-0.7333333333333334,1.099588341614608e-07,1.0909799337619326e-07,0.19430408819476344,"('Q3', '2021')",https://www.sec.gov/Archives/edgar/data/1082324/000114036121036975/Financial_Report.xlsx,2021-09,0,-0.0,-0.0,98.21608074799299,"Q3,2021"
137,137,1082324,6/29/2021,15.0,1082324_0.csv,423.0,5.0,60.0,0.14184397163120568,-2.0,3.0,2.0,4.12345628105478e-07,4.1203974284044414e-07,-0.07092198581560284,"('Q2', '2021')",https://www.sec.gov/Archives/edgar/data/1082324/000114036121027363/Financial_Report.xlsx,2021-06,0,0.0,0.0,85.52578266389347,"Q2,2021"
138,138,1082324,3/30/2021,5.0,1082324_0.csv,141.0,1.6666666666666667,20.0,0.14184397163120568,0.7277992277992278,0.2722007722007722,-0.6874999999999999,1.37448542701826e-07,1.3734658094681473e-07,0.19489436950918976,"('Q1', '2021')",https://www.sec.gov/Archives/edgar/data/1082324/000114036121016630/Financial_Report.xlsx,2021-03,0,-0.0,-0.0,85.23764462386141,"Q1,2021"
139,139,1082324,12/30/2020,16.0,1082324_0.csv,518.0,5.333333333333333,64.0,0.12355212355212356,,,,5.303017748537527e-07,5.301944728761515e-07,,"('Q4', '2020')",https://www.sec.gov/Archives/edgar/data/1082324/000114036121008678/Financial_Report.xlsx,2020-12,0,,,85.47860918919599,"Q4,2020"
140,140,1084048,ttm,1416722.0,1084048_0.csv,8500000.0,472240.66666666674,5666888.0,0.6666927058823531,-1.43855487221829,2.4385548722182904,8.754217099736989,0.032966189645142516,0.007810590425502587,-0.4634461422067933,"('-1', 'ttm')",,2021-ttm,493049,,,87.20761230926605,"-1,ttm"
141,141,1084048,12/30/2021,145242.0,1084048_0.csv,3485671.0,48414.0,580968.0,0.16667321729446066,0.6730639993074229,0.3269360006925769,-0.6730639366845844,0.0039926602478197225,0.0033953545684784732,0.2476335347990176,"('Q4', '2021')",,2021-12,98068,-0.013666185430242086,-0.00043808300308810716,31.195424916984386,"Q4,2021"
142,142,1084048,9/29/2021,444252.0,1084048_0.csv,10661631.0,148084.0,1777008.0,0.16667318536910536,-0.035446275600430545,1.0354462756004306,0.03544624793727457,0.01221235799847432,0.010385379894798364,-4.702135345556047,"('Q3', '2021')",https://www.sec.gov/Archives/edgar/data/1084048/000108404821000069/Financial_Report.xlsx,2021-09,139693,0.3827436174235159,0.011342235652561984,33.744989008146895,"Q3,2021"
143,143,1084048,6/29/2021,429044.0,1084048_0.csv,10296653.0,143014.66666666663,1716176.0,0.16667318982197418,-0.07749915080117697,1.0774991508011769,0.07749915240403316,0.011794294510992448,0.010029858757062143,-2.1506453696450434,"('Q2', '2021')",https://www.sec.gov/Archives/edgar/data/1084048/000108404821000055/Financial_Report.xlsx,2021-06,134103,0.18107663245506608,0.00529786708146331,34.179157323262125,"Q2,2021"
144,144,1084048,3/30/2021,398185.0,1084048_0.csv,9556066.0,132728.33333333337,1592740.0,0.166673189574036,0.15142576536320787,0.8485742346367922,-0.15142570965817065,0.010945989595145318,0.009308460939022014,1.10069240313401,"('Q1', '2021')",https://www.sec.gov/Archives/edgar/data/1084048/000108404821000032/Financial_Report.xlsx,2021-03,121186,-0.07106624584959191,-0.0013240452744138213,53.67357689566485,"Q1,2021"
145,145,1084048,12/30/2020,469240.0,1084048_0.csv,11261320.0,156413.33333333337,1876960.0,0.16667317863270026,,,,0.01555242530202343,0.011526427840327534,,"('Q4', '2020')",https://www.sec.gov/Archives/edgar/data/1084048/000108404821000012/Financial_Report.xlsx,2020-12,126157,,,49.979895456373136,"Q4,2020"
146,146,1084384,ttm,65048.0,1084384_0.csv,4600000.0,21682.666666666668,260192.0,0.05656347826086956,-0.051467746112598016,1.051467746112598,3.2058709427130485,0.0015136242001163468,0.004226907759683754,-1.0990082630998337,"('-1', 'ttm')",,2021-ttm,5502,,,49.99342883427521,"-1,ttm"
147,147,1084384,3/30/2021,15466.0,1084384_0.csv,4374837.0,5155.333333333333,61864.0,0.0141408697055456,0.08733611335895564,0.9126638866410444,-0.08733624454148482,0.0004251558322852882,0.0042614815897136175,0.16191320132859527,"('Q1', '2021')",https://www.sec.gov/Archives/edgar/data/1084384/000162828021017682/Financial_Report.xlsx,2021-03,1277,-0.003050324380619333,-5.3832508264980846e-05,56.66324083590271,"Q1,2021"
148,148,1084384,12/30/2020,16946.0,1084384_0.csv,4793481.0,5648.666666666668,67784.0,0.014140871738095969,,,,0.0005616558672919808,0.0049063265097236426,,"('Q4', '2020')",https://www.sec.gov/Archives/edgar/data/1084384/000110465921035333/Financial_Report.xlsx,2020-12,1489,,,57.15300805305542,"Q4,2020"
149,149,1084577,ttm,32271.0,1084577_0.csv,816963.0,10757.0,129084.0,0.15800470767953995,-2.88002716616957,3.88002716616957,3.3252915158825886,0.0007509249563699826,0.0007507015747988084,-0.0548622282232448,"('-1', 'ttm')",,2021-ttm,10709,,,65.82242340555861,"-1,ttm"
150,150,1084577,9/29/2021,7461.0,1084577_0.csv,210556.0,2487.0,29844.0,0.14173901479891335,0.01945206372565,0.98054793627435,-0.019450650545406813,0.0002051007154196648,0.00020510033119033703,7.286579809627737,"('Q3', '2021')",https://www.sec.gov/Archives/edgar/data/1084577/000121390021059378/Financial_Report.xlsx,2021-09,2785,-0.6667464687574814,-0.01020726749357783,65.32075985830511,"Q3,2021"
151,151,1084577,6/29/2021,7609.0,1084577_0.csv,214733.0,2536.333333333333,30436.0,0.14173881052283532,0.1310929470319265,0.8689070529680735,-0.13109512390087924,0.00020916919228363882,0.0002091691018897331,1.0812085145077721,"('Q2', '2021')",https://www.sec.gov/Archives/edgar/data/1084577/000121390021043003/Financial_Report.xlsx,2021-06,2731,-0.0842979288205698,-0.0012985760037862134,64.91566806623965,"Q2,2021"
152,152,1084577,3/30/2021,8757.0,1084577_0.csv,247130.0,2919.0,35028.0,0.1417391656213329,0.09618218989207436,0.9038178101079256,0.03706774040738992,0.00024072737768797808,0.0002407266705630236,1.4736529266008378,"('Q1', '2021')",https://www.sec.gov/Archives/edgar/data/1084577/000121390021027010/Financial_Report.xlsx,2021-03,2638,-0.10030799650176812,-0.001509818287392039,66.4371317657263,"Q1,2021"
153,153,1084577,12/30/2020,8444.0,1084577_0.csv,273429.0,2814.666666666666,33776.0,0.1235274970833379,,,,0.000279866761679068,0.00027986591606960084,,"('Q4', '2020')",,2020-12,2555,,,66.73474371212289,"Q4,2020"
154,154,1092699,ttm,385276.0,1092699_0.csv,59.0,128425.33333333331,1541104.0,26120.40677966101,0.04838709677419355,0.9516129032258064,2.7494258242827674,0.008965119255381036,5.4214686482900324e-08,539821.7401129943,"('-1', 'ttm')",,2021-ttm,88044,,,67.68497623277476,"-1,ttm"
155,155,1092699,12/30/2021,102756.0,1092699_0.csv,62.0,34252.0,411024.0,6629.419354838708,-0.05084745762711865,1.0508474576271187,0.04974102791994851,0.0028247324907737666,6.039353204753556e-08,-130378.58064516127,"('Q4', '2021')",,2021-12,22658,7552.666666666668,113.41268036050785,66.59455223753471,"Q4,2021"
156,156,1092699,9/29/2021,97887.0,1092699_0.csv,59.0,32629.0,391548.0,6636.406779661017,-0.03508771929824561,1.0350877192982455,0.035413956145082984,0.002690885099890729,5.7471264367816094e-08,-189137.5932203389,"('Q3', '2021')",https://www.sec.gov/Archives/edgar/data/1092699/000156459021052660/Financial_Report.xlsx,2021-09,22079,11039.5,172.35001380867112,64.05279440392242,"Q3,2021"
157,157,1092699,6/29/2021,94539.0,1092699_0.csv,57.0,31513.0,378156.0,6634.315789473684,-0.03636363636363636,1.0363636363636364,0.04933735875862992,0.002598849555697586,5.552308591466979e-08,-182443.68421052632,"('Q2', '2021')",https://www.sec.gov/Archives/edgar/data/1092699/000156459021039148/Financial_Report.xlsx,2021-06,21952,10976.0,163.29994869989437,67.21373820007268,"Q2,2021"
158,158,1092699,3/30/2021,90094.0,1092699_0.csv,55.0,30031.33333333333,360376.0,6552.290909090911,-0.0784313725490196,1.0784313725490196,0.0814567628559082,0.002476657801235662,5.357490746152346e-08,-83541.70909090909,"('Q1', '2021')",https://www.sec.gov/Archives/edgar/data/1092699/000156459021021965/Financial_Report.xlsx,2021-03,21355,5338.75,80.27723639712354,66.50390869946908,"Q1,2021"
159,159,1092699,12/30/2020,83308.0,1092699_0.csv,51.0,27769.33333333333,333232.0,6533.9607843137255,,,,0.002761148766219777,5.220061412487206e-08,,"('Q4', '2020')",https://www.sec.gov/Archives/edgar/data/1092699/000156459021007614/Financial_Report.xlsx,2020-12,19812,,,68.93253376092538,"Q4,2020"
160,160,1102993,ttm,469624.0,1102993_0.csv,11888875.0,156541.33333333337,1878496.0,0.15800452103331894,-2.4028697865549025,3.4028697865549025,2.7933780825679926,0.01092784176847004,0.010924603911176127,-0.06575658902426704,"('-1', 'ttm')",,2021-ttm,165421,,,72.53365973072216,"-1,ttm"
161,161,1102993,12/30/2021,123801.0,1102993_0.csv,3493779.0,41267.0,495204.0,0.14173878771381934,-0.046261519636761984,1.0462615196367622,0.046261630904189166,0.0034032534070057518,0.003403252483927528,-3.06385931172883,"('Q4', '2021')",,2021-12,48994,0.3171522711530868,0.004053178680289463,78.24778924634947,"Q4,2021"
162,162,1102993,9/29/2021,118327.0,1102993_0.csv,3339298.0,39442.333333333336,473308.0,0.14173877264023754,0.01068506981765522,0.9893149301823448,-0.010685172024580912,0.003252774742455793,0.0032527742061172803,13.265123678091355,"('Q3', '2021')",https://www.sec.gov/Archives/edgar/data/1102993/000110299321000134/Financial_Report.xlsx,2021-09,40852,-1.132701158986303,-0.014450324598326169,78.38586263435963,"Q3,2021"
163,163,1102993,6/29/2021,119605.0,1102993_0.csv,3375364.0,39868.333333333336,478420.0,0.14173878728338632,-0.10857256212591763,1.1085725621259177,0.10857254080507192,0.00328790658997038,0.003287905708162868,-1.3054752002536698,"('Q2', '2021')",https://www.sec.gov/Archives/edgar/data/1102993/000110299321000120/Financial_Report.xlsx,2021-06,38622,0.11683102426039085,0.0014868166514753322,78.57796329121162,"Q2,2021"
164,164,1102993,3/30/2021,107891.0,1102993_0.csv,3044784.0,35963.666666666664,431564.0,0.14173879000940626,0.07928145595735063,0.9207185440426494,0.05646022031823745,0.002965892144128543,0.0029658912916423145,1.7877924704820571,"('Q1', '2021')",https://www.sec.gov/Archives/edgar/data/1102993/000110299321000084/Financial_Report.xlsx,2021-03,36953,-0.14094461459831184,-0.001798139470848482,78.38358307757116,"Q1,2021"
165,165,1102993,12/30/2020,102125.0,1102993_0.csv,3306965.0,34041.666666666664,408500.0,0.12352716161193115,,,,0.0033848167973087183,0.003384815762538383,,"('Q4', '2020')",https://www.sec.gov/Archives/edgar/data/1102993/000110299321000031/Financial_Report.xlsx,2020-12,39700,,,77.59312084005127,"Q4,2020"
166,166,1107843,ttm,411172.0,1107843_0.csv,10300.0,137057.33333333337,1644688.0,159.67844660194174,0.06363636363636363,0.9363636363636364,2.745418108945163,0.009567702152414195,9.464597809726666e-06,2509.232732316228,"('-1', 'ttm')",,2021-ttm,76487,,,77.61521502937731,"-1,ttm"
167,167,1107843,12/30/2021,109780.0,1107843_0.csv,11000.0,36593.333333333336,439120.0,39.92,-0.04622408217614609,1.0462240821761462,0.04618140926677728,0.003017820203561292,1.0714981492304696e-05,-863.6190946502059,"('Q4', '2021')",,2021-12,22159,45.59465020576132,0.6205144730561126,73.47878604861845,"Q4,2021"
168,168,1107843,9/29/2021,104934.0,1107843_0.csv,10514.0,34978.0,419736.0,39.92162830511699,-0.05245245245245245,1.0524524524524526,0.0524763796112415,0.002884605075974682,1.0241574128190145e-05,-761.1012724582419,"('Q3', '2021')",https://www.sec.gov/Archives/edgar/data/1107843/000143774921025112/Financial_Report.xlsx,2021-09,18569,35.43702290076336,0.4887267126712959,72.50887250887251,"Q3,2021"
169,169,1107843,6/29/2021,99702.0,1107843_0.csv,9990.0,33234.0,398808.0,39.92072072072072,-0.030428055698813825,1.030428055698814,0.030447724172144364,0.002740778920891491,9.73115137346581e-06,-1311.970804703008,"('Q2', '2021')",https://www.sec.gov/Archives/edgar/data/1107843/000143774921019179/Financial_Report.xlsx,2021-06,17770,60.23728813559321,0.8236870063251169,73.13128369517705,"Q2,2021"
170,170,1107843,3/30/2021,96756.0,1107843_0.csv,9695.0,32252.0,387024.0,39.91995874161939,-0.0206337509211496,1.0206337509211496,0.020622145336019703,0.002659794239531575,9.443795051626727e-06,-1934.6922861563398,"('Q1', '2021')",https://www.sec.gov/Archives/edgar/data/1107843/000143774921010932/Financial_Report.xlsx,2021-03,17989,91.78061224489795,1.2309902298131017,74.55835962145109,"Q1,2021"
171,171,1107843,12/30/2020,94801.0,1107843_0.csv,9499.0,31600.33333333333,379204.0,39.92041267501842,,,,0.003142071159869413,9.722620266120778e-06,,"('Q4', '2020')",https://www.sec.gov/Archives/edgar/data/1107843/000143774921003648/Financial_Report.xlsx,2020-12,17892,,,73.92252222035887,"Q4,2020"
172,172,1108524,ttm,26492000.0,1108524_0.csv,150000.0,8830666.666666666,105968000.0,706.4533333333335,0.09595530403023124,0.9040446959697688,2.616161616161616,0.6164514252472367,0.0001378339486853398,7362.316658501351,"('-1', 'ttm')",,2021-ttm,11855000,,,74.57452294997421,"-1,ttm"
173,173,1108524,1/30/2022,7326000.0,1108524_0.csv,165921.0,2442000.0,29304000.0,176.61417180465403,-0.0674622832695339,1.0674622832695342,0.0674632085093983,0.17047120418848166,0.00015246364399880178,-2617.9690820576384,"('Q4', '2021')",,2021-12,3464000,330.34522220102997,6.0700747002657325,54.42193688103514,"Q4,2021"
174,174,1108524,10/30/2021,6863000.0,1108524_0.csv,155435.0,2287666.666666666,27452000.0,176.61401872165212,-0.08249181697889825,1.0824918169788982,0.08249211356466862,0.1886618697125264,0.00015140755893239822,-2140.9883451449577,"('Q3', '2021')",https://www.sec.gov/Archives/edgar/data/1108524/000110852421000055/Financial_Report.xlsx,2021-09,3111000,262.6424651751794,4.685583032798829,56.05331574250126,"Q3,2021"
175,175,1108524,7/30/2021,6340000.0,1108524_0.csv,143590.0,2113333.333333333,25360000.0,176.6139703321959,-0.06322009300121435,1.0632200930012143,0.06322320979372803,0.17428475214591538,0.00013986947204363922,-2793.6366738467686,"('Q2', '2021')",https://www.sec.gov/Archives/edgar/data/1108524/000110852421000047/Financial_Report.xlsx,2021-06,2736000,320.44975404075893,5.732928060804946,55.89635010974922,"Q2,2021"
176,176,1108524,4/29/2021,5963000.0,1108524_0.csv,135052.0,1987666.666666667,23852000.0,176.6134525960371,-0.025101521879388213,1.0251015218793882,0.025098848203541385,0.16392113202619768,0.0001315526982271576,-7035.9659244828845,"('Q1', '2021')",https://www.sec.gov/Archives/edgar/data/1108524/000110852421000030/Financial_Report.xlsx,2021-03,2544000,769.2772905957062,14.231685644999152,54.053842235197294,"Q1,2021"
177,177,1108524,1/30/2021,5817000.0,1108524_0.csv,131745.0,1939000.0,23268000.0,176.61391324148926,,,,0.15990763457930438,0.0001283313851548802,,"('Q4', '2020')",https://www.sec.gov/Archives/edgar/data/1108524/000110852422000008/Financial_Report.xlsx,2020-12,2632000,,,51.491948871181926,"Q4,2020"
178,178,1118417,ttm,202253.0,1118417_0.csv,830.0,67417.66666666669,809012.0,974.7132530120482,0.018912529550827426,0.9810874704491724,2.9240425284234215,0.004706294357184409,7.626811827255469e-07,51537.96325301205,"('-1', 'ttm')",,2021-ttm,44822,,,59.94758272101839,"-1,ttm"
179,179,1118417,12/30/2021,51542.0,1118417_0.csv,846.0,17180.666666666668,206168.0,243.6973995271868,-0.0011834319526627221,1.001183431952663,0.001184903168159268,0.0014168745575875033,8.240794856808885e-07,-205924.30260047282,"('Q4', '2021')",,2021-12,11039,11039.0,180.55599830967859,61.13892699962582,"Q4,2021"
180,180,1118417,9/29/2021,51481.0,1118417_0.csv,845.0,17160.333333333332,205924.0,243.6970414201184,-0.009557945041816007,1.009557945041816,0.008679807202476443,0.0014151976853665408,8.231053964543152e-07,-25496.802958579883,"('Q3', '2021')",https://www.sec.gov/Archives/edgar/data/1118417/000111841721000166/Financial_Report.xlsx,2021-09,11128,1391.0,21.482882752850127,64.74922458046079,"Q3,2021"
181,181,1118417,6/29/2021,51038.0,1118417_0.csv,837.0,17012.666666666668,204152.0,243.90919952210274,-0.058154235145385584,1.0581542351453856,0.05905544488711826,0.001403019744483159,8.153126826417302e-07,-4194.177756999637,"('Q2', '2021')",https://www.sec.gov/Archives/edgar/data/1118417/000111841721000121/Financial_Report.xlsx,2021-06,11146,242.30434782608697,3.9760645464178617,60.94074806818345,"Q2,2021"
182,182,1118417,3/30/2021,48192.0,1118417_0.csv,791.0,16064.0,192768.0,243.7016434892541,-0.12838801711840228,1.1283880171184022,0.12772031637571962,0.0013247840339772794,7.705045782193649e-07,-1898.1650231774126,"('Q1', '2021')",https://www.sec.gov/Archives/edgar/data/1118417/000111841721000100/Financial_Report.xlsx,2021-03,11509,127.87777777777778,2.060678801531876,62.056142705362646,"Q1,2021"
183,183,1118417,12/30/2020,42734.0,1118417_0.csv,701.0,14244.666666666664,170936.0,243.84593437945801,,,,0.0014163697529125168,7.175025588536334e-07,,"('Q4', '2020')",https://www.sec.gov/Archives/edgar/data/1118417/000111841721000026/Financial_Report.xlsx,2020-12,9456,,,56.278721812546756,"Q4,2020"
184,184,1131554,ttm,280615.0,1131554_0.csv,7103973.0,93538.33333333331,1122460.0,0.15800454196546074,-2.409504991171441,3.409504991171441,2.800774742316913,0.006529726585223968,0.006527790999626929,-0.06557551967910341,"('-1', 'ttm')",,2021-ttm,0,,,59.044063594563035,"-1,ttm"
185,185,1131554,12/30/2021,73831.0,1131554_0.csv,2083579.0,24610.33333333333,295324.0,0.1417388061599776,-0.058463475123622426,1.0584634751236224,0.05846343526443304,0.002029592671243703,0.002029591856614066,-2.424399265699952,"('Q4', '2021')",,2021-12,0,0.0,0.0,36.846170823217825,"Q4,2021"
186,186,1131554,9/29/2021,69753.0,1131554_0.csv,1968494.0,23251.0,279012.0,0.14173881149752046,0.024869978139385813,0.9751300218606139,-0.02486998825700386,0.0019174896398160934,0.0019174887979738946,5.699193248306602,"('Q3', '2021')",https://www.sec.gov/Archives/edgar/data/1131554/000113155421000088/Financial_Report.xlsx,2021-09,0,-0.0,-0.0,57.79491750495698,"Q3,2021"
187,187,1131554,6/29/2021,71532.0,1131554_0.csv,2018699.0,23844.0,286128.0,0.14173881296815424,-0.09210779017800387,1.092107790178004,0.09210827646223606,0.001966393831309404,0.0019663929475939998,-1.538836320947831,"('Q2', '2021')",https://www.sec.gov/Archives/edgar/data/1131554/000113155421000057/Financial_Report.xlsx,2021-06,0,0.0,0.0,57.844485910025746,"Q2,2021"
188,188,1131554,3/30/2021,65499.0,1131554_0.csv,1848443.0,21833.0,261996.0,0.14173874985595986,0.1772023036375145,0.8227976963624855,-0.05589748763999601,0.0018005484196853805,0.0018005484122345606,0.79986967971873,"('Q1', '2021')",https://www.sec.gov/Archives/edgar/data/1131554/000113155421000023/Financial_Report.xlsx,2021-03,0,-0.0,-0.0,57.992491602450116,"Q1,2021"
189,189,1131554,12/30/2020,69377.0,1131554_0.csv,2246534.0,23125.66666666667,277508.0,0.12352717564034195,,,,0.0022994216396268,0.002299420675537359,,"('Q4', '2020')",https://www.sec.gov/Archives/edgar/data/1131554/000113155421000012/Financial_Report.xlsx,2020-12,0,,,59.15393446966353,"Q4,2020"
190,190,1157817,ttm,36248.0,1157817_0.csv,917644.0,12082.666666666664,144992.0,0.15800462924620004,,,,0.0008434671320535196,0.0008432166400493997,,"('-1', 'ttm')",,ttm'-ttm,13156,,,56.039711421822126,"-1,ttm"
191,191,1160951,ttm,274865.0,1160951_0.csv,6958408.0,91621.66666666669,1099460.0,0.1580045320711289,-2.3582904321361537,3.3582904321361537,2.7436836872284496,0.0063959278650378105,0.00639403234135772,-0.06699960696868343,"('-1', 'ttm')",,2021-ttm,54694,,,67.84202359423597,"-1,ttm"
192,192,1160951,11/29/2021,73421.0,1160951_0.csv,2072009.0,24473.66666666667,293684.0,0.1417387665787166,-0.03622936177150442,1.0362293617715044,0.03622942953114861,0.0020183218907421532,0.0020183216442626146,-3.9122623101298686,"('Q4', '2021')",,2021-12,13167,0.18175669146777465,0.0026753705331935555,67.93701627969043,"Q4,2021"
193,193,1160951,8/30/2021,70854.0,1160951_0.csv,1999566.0,23618.0,283416.0,0.14173875731033633,-0.04292190001110953,1.0429219000111096,0.04292148723836439,0.001947755808919036,0.0019477556984219754,-3.302247973031248,"('Q3', '2021')",https://www.sec.gov/Archives/edgar/data/1160951/000156459021052973/Financial_Report.xlsx,2021-09,13734,0.16689147315081476,0.002521488721802775,66.18767385621828,"Q3,2021"
194,194,1160951,5/30/2021,67938.0,1160951_0.csv,1917273.0,22646.0,271752.0,0.14173881340841915,-0.0843703233644289,1.0843703233644288,0.08437081018961885,0.001867595818815331,0.001867594973699591,-1.6799605329968097,"('Q2', '2021')",https://www.sec.gov/Archives/edgar/data/1160951/000156459021036731/Financial_Report.xlsx,2021-06,13628,0.0913557901793196,0.0014275958798875288,63.99275275753593,"Q2,2021"
195,195,1160951,2/27/2021,62652.0,1160951_0.csv,1768098.0,20884.0,250608.0,0.14173874977518214,,,,0.0017222852194709606,0.0017222852133255409,,"('Q1', '2021')",https://www.sec.gov/Archives/edgar/data/1160951/000156459021018490/Financial_Report.xlsx,2021-03,14165,,,67.92724147808651,"Q1,2021"
196,196,1166388,ttm,1308879.0,1166388_0.csv,33135229.0,436293.0,5235516.0,0.15800452141133536,-4.222562860245594,5.222562860245594,4.821897518014412,0.03045675392670157,0.030447729691086563,-0.0374191046150928,"('-1', 'ttm')",,2021-ttm,0,,,62.150982419855225,"-1,ttm"
197,197,1166388,10/30/2021,224820.0,1166388_0.csv,6344630.0,74940.0,899280.0,0.1417387617560047,-0.04754047258800679,1.0475404725880069,0.04754050238331538,0.0061802362740449035,0.006180235729592832,-2.981433587847035,"('Q3', '2021')",https://www.sec.gov/Archives/edgar/data/1166388/000116638821000138/Financial_Report.xlsx,2021-09,0,0.0,0.0,60.47555857301568,"Q3,2021"
198,198,1166388,7/30/2021,214617.0,1166388_0.csv,6056692.0,71539.0,858468.0,0.14173875772451364,-0.06825654558673143,1.0682565455867314,0.06825648070720344,0.005899758777807559,0.00589975842587181,-2.076559200383364,"('Q2', '2021')",https://www.sec.gov/Archives/edgar/data/1166388/000116638821000115/Financial_Report.xlsx,2021-06,0,0.0,0.0,61.97449633166414,"Q2,2021"
199,199,1166388,4/29/2021,200904.0,1166388_0.csv,5669698.0,66968.0,803616.0,0.14173876633288052,0.4245087865035149,0.5754912134964851,-0.4245087367516471,0.00552279240459353,0.00552279173972336,0.33388888720141235,"('Q1', '2021')",https://www.sec.gov/Archives/edgar/data/1166388/000116638821000089/Financial_Report.xlsx,2021-03,0,-0.0,-0.0,67.52166228391603,"Q1,2021"
200,200,1166388,1/30/2021,349100.0,1166388_0.csv,9851928.0,116366.66666666669,1396400.0,0.14173875407940456,,,,0.009596657251441492,0.0095966569257744,,"('Q4', '2020')",https://www.sec.gov/Archives/edgar/data/1166388/000116638821000028/Financial_Report.xlsx,2020-12,0,,,60.27216027216027,"Q4,2020"
201,201,1167419,ttm,127644.0,1167419_0.csv,4889.0,42548.0,510576.0,104.43362650848844,0.5076039883170511,0.4923960116829489,0.969571657820022,0.002970191972076789,4.492467834150842e-06,205.7383884132504,"('-1', 'ttm')",,2021-ttm,0,,,85.24165444784848,"-1,ttm"
202,202,1167419,9/29/2021,64808.0,1167419_0.csv,9929.0,21602.666666666668,259232.0,26.108570853056694,-0.8869251235271759,1.886925123527176,0.8868056364271574,0.001781553031083988,9.671731930644848e-06,-29.437175879319554,"('Q3', '2021')",https://www.sec.gov/Archives/edgar/data/1167419/000107997321001156/Financial_Report.xlsx,2021-09,0,0.0,0.0,85.1947564247632,"Q3,2021"
203,203,1167419,6/29/2021,34348.0,1167419_0.csv,5262.0,11449.333333333336,137392.0,26.110224249334852,-0.4810019701660568,1.4810019701660568,0.4807087123334916,0.000944216508944464,5.125657510227937e-06,-54.2829881555803,"('Q2', '2021')",https://www.sec.gov/Archives/edgar/data/1167419/000107997321000828/Financial_Report.xlsx,2021-06,0,0.0,0.0,85.05735492577597,"Q2,2021"
204,204,1167419,3/30/2021,23197.0,1167419_0.csv,3553.0,7732.333333333332,92788.0,26.11539544047284,-3.3864197530864195,4.38641975308642,3.3842373842373834,0.0006376787690108518,3.4609390220144166e-06,-7.711801059709441,"('Q1', '2021')",https://www.sec.gov/Archives/edgar/data/1167419/000107997321000383/Financial_Report.xlsx,2021-03,0,0.0,0.0,86.2202256012125,"Q1,2021"
205,205,1167419,12/30/2020,5291.0,1167419_0.csv,810.0,1763.666666666667,21164.0,26.128395061728398,,,,0.00017536416817195036,8.290685772773798e-07,,"('Q4', '2020')",https://www.sec.gov/Archives/edgar/data/1167419/000107997321000221/Financial_Report.xlsx,2020-12,0,,,84.52448769474394,"Q4,2020"
206,206,1169561,ttm,754983.0,1169561_0.csv,28000.0,251661.0,3019932.0,107.85471428571428,0.06735060955299448,0.9326493904470056,2.7305033575286224,0.017567958115183246,2.572900375459676e-05,1601.3918062738446,"('-1', 'ttm')",,2021-ttm,335167,,,84.88659091876251,"-1,ttm"
207,207,1169561,12/30/2021,202381.0,1169561_0.csv,30022.0,67460.33333333331,809524.0,26.964359469722204,-0.13797286028352665,1.1379728602835266,0.1379948268106162,0.00556339470410765,2.924410676017923e-05,-195.43234382698108,"('Q4', '2021')",,2021-12,89217,24.510164835164836,0.3174641449328836,77.20608839258566,"Q4,2021"
208,208,1169561,9/29/2021,177840.0,1169561_0.csv,26382.0,59280.0,711360.0,26.96383898112349,0.030429988974641674,0.9695700110253584,-0.030427268415285088,0.004888769766818547,2.5698421975452953e-05,886.0942737637323,"('Q3', '2021')",https://www.sec.gov/Archives/edgar/data/1169561/000116956121000041/Financial_Report.xlsx,2021-09,82928,-100.15458937198069,-1.2910663510551037,77.5750907690615,"Q3,2021"
209,209,1169561,6/29/2021,183421.0,1169561_0.csv,27210.0,61140.33333333334,733684.0,26.963763322307976,0.04136133032694477,0.9586386696730552,-0.0413920696557455,0.0050421898301823255,2.650496785505552e-05,651.9075452643864,"('Q2', '2021')",https://www.sec.gov/Archives/edgar/data/1169561/000116956121000032/Financial_Report.xlsx,2021-06,76361,-65.04344122657581,-0.8591520473375344,75.70655441972339,"Q2,2021"
210,210,1169561,3/30/2021,191341.0,1169561_0.csv,28384.0,63780.33333333334,765364.0,26.964627959413754,-0.01778542742398164,1.0177854274239817,0.017814587854802368,0.005259908321822018,2.7648548607052405e-05,-1516.1079526857475,"('Q1', '2021')",,2021-03,86661,174.71975806451616,2.267536054131269,77.05269239101655,"Q1,2021"
211,211,1169561,12/30/2020,187992.0,1169561_0.csv,27888.0,62664.0,751968.0,26.96385542168675,,,,0.006230780703644167,2.854452405322416e-05,,"('Q4', '2020')",https://www.sec.gov/Archives/edgar/data/1169561/000116956121000018/Financial_Report.xlsx,2020-12,84542,,,78.53240055149875,"Q4,2020"
212,212,1169652,ttm,167729.0,1169652_0.csv,2001.0,55909.66666666666,670916.0,335.2903548225887,0.07702952029520295,0.9229704797047972,2.690813070744856,0.0039029435718440962,1.8387048754624328e-06,4352.751432666902,"('-1', 'ttm')",,2021-ttm,60755,,,78.79787656281006,"-1,ttm"
213,213,1169652,12/30/2021,45445.0,1169652_0.csv,2168.0,15148.333333333336,181780.0,83.8468634686347,-0.09329299041855774,1.0932929904185578,0.0930847865303668,0.0012492698046168964,2.111825443210598e-06,-898.7477311259598,"('Q4', '2021')",,2021-12,15482,83.68648648648649,1.0747765504603877,77.86407923641322,"Q4,2021"
214,214,1169652,9/29/2021,41575.0,1169652_0.csv,1983.0,13858.333333333336,166300.0,83.86283408976298,-0.0005045408678102925,1.0005045408678104,0.0007702862094697937,0.0011428846325656833,1.9316189362945645e-06,-166216.13716591024,"('Q3', '2021')",https://www.sec.gov/Archives/edgar/data/1169652/000116965221000087/Financial_Report.xlsx,2021-09,15482,15482.0,200.10902045957263,77.36782661992879,"Q3,2021"
215,215,1169652,6/29/2021,41543.0,1169652_0.csv,1982.0,13847.666666666664,166172.0,83.84056508577194,-0.06102783725910065,1.0610278372591009,0.06069039473012298,0.001142004961892391,1.930644847067992e-06,-1373.8085577212455,"('Q2', '2021')",https://www.sec.gov/Archives/edgar/data/1169652/000116965221000078/Financial_Report.xlsx,2021-06,15159,132.9736842105263,1.6888067818082535,78.7382462238502,"Q2,2021"
216,216,1169652,3/30/2021,39166.0,1169652_0.csv,1868.0,13055.333333333336,156664.0,83.86723768736617,0.02860114404576183,0.9713988559542379,-0.028428259575312562,0.0010766619246919435,1.819598675238652e-06,2932.3036013237293,"('Q1', '2021')",https://www.sec.gov/Archives/edgar/data/1169652/000116965221000065/Financial_Report.xlsx,2021-03,14632,-266.03636363636366,-3.4207845097544847,77.77057072076649,"Q1,2021"
217,217,1169652,12/30/2020,40312.0,1169652_0.csv,1923.0,13437.333333333336,161248.0,83.8523140925637,,,,0.00133609532174403,1.9682702149437053e-06,,"('Q4', '2020')",https://www.sec.gov/Archives/edgar/data/1169652/000116965221000007/Financial_Report.xlsx,2020-12,14469,,,77.56407249966956,"Q4,2020"
218,218,1261333,ttm,2107213.0,1261333_0.csv,53345638.0,702404.3333333335,8428852.0,0.1580045213818607,-2.627946791656876,3.627946791656876,2.6279466554642683,0.049033461314717856,0.04901893287119142,-0.060124703393344386,"('-1', 'ttm')",,2021-ttm,1076527,,,76.42597552088894,"-1,ttm"
219,219,1261333,1/30/2022,580828.0,1261333_0.csv,14704085.0,193609.33333333328,2323312.0,0.15800452731332826,0.04478455969168755,0.9552154403083124,0.06483482839349329,0.013515485747527629,0.013511480649032495,3.5281027300722885,"('Q4', '2021')",,2021-12,299417,-0.4343216466731458,-0.005672045199714708,76.57231763509066,"Q4,2021"
220,220,1261333,10/30/2021,545463.0,1261333_0.csv,15393475.0,181821.0,2181852.0,0.1417387561937769,-0.06568208056150082,1.0656820805615008,0.0656821218965154,0.014994618889553226,0.014994618157023184,-2.157951681525391,"('Q3', '2021')",https://www.sec.gov/Archives/edgar/data/1261333/000126133321000214/Financial_Report.xlsx,2021-09,275619,0.2905047541050994,0.003807022726175355,76.30759651307595,"Q3,2021"
221,221,1261333,7/30/2021,511844.0,1261333_0.csv,14444716.0,170614.66666666663,2047376.0,0.1417387506961023,-0.09117038086107687,1.0911703808610769,0.09117033840853747,0.014070442378134686,0.014070442236508864,-1.5546578763565793,"('Q2', '2021')",https://www.sec.gov/Archives/edgar/data/1261333/000126133321000163/Financial_Report.xlsx,2021-06,262372,0.2173938621108512,0.002873840811319059,75.64575645756456,"Q2,2021"
222,222,1261333,4/29/2021,469078.0,1261333_0.csv,13237819.0,156359.33333333337,1876312.0,0.1417387562105208,-0.08860563484059332,1.0886056348405933,0.08860565609494604,0.012894817502697428,0.012894816871225404,-1.5996584919854933,"('Q1', '2021')",https://www.sec.gov/Archives/edgar/data/1261333/000126133321000108/Financial_Report.xlsx,2021-03,239119,0.22192533469454048,0.0028945683103841803,76.66957932842342,"Q1,2021"
223,223,1261333,1/30/2021,430898.0,1261333_0.csv,12160344.0,143632.66666666663,1723592.0,0.14173875344315914,,,,0.011845260430626284,0.011845260081823496,,"('Q4', '2020')",https://www.sec.gov/Archives/edgar/data/1261333/000126133321000059/Financial_Report.xlsx,2020-12,221896,,,77.9529776150922,"Q4,2020"
224,224,1262039,ttm,3342200.0,1262039_0.csv,550000.0,1114066.666666667,13368800.0,24.30690909090909,0.13288600761799058,0.8671139923820095,2.4684516396845164,0.07777079697498546,0.0005053911451795793,182.91548919721126,"('-1', 'ttm')",,2021-ttm,1345700,,,77.67379679144385,"-1,ttm"
225,225,1262039,12/30/2021,963600.0,1262039_0.csv,634288.0,321200.0,3854400.0,6.076734858613121,-0.1111621087078007,1.1111621087078007,0.11116236162361616,0.02648908314949591,0.0006178531073446327,-54.66552343466557,"('Q4', '2021')",,2021-12,367700,5.794657631392325,0.11094811980203936,52.22853385646841,"Q4,2021"
226,226,1262039,9/29/2021,867200.0,1262039_0.csv,570833.0,289066.66666666674,3468800.0,6.076733475464804,-0.08251109851077992,1.08251109851078,0.08251154662339298,0.023839075246204704,0.0005560422754724332,-73.64746785756209,"('Q3', '2021')",https://www.sec.gov/Archives/edgar/data/1262039/000126203921000030/Financial_Report.xlsx,2021-09,347100,7.977476442197196,0.15969576625853618,49.954213747171146,"Q3,2021"
227,227,1262039,6/29/2021,801100.0,1262039_0.csv,527323.0,267033.33333333326,3204400.0,6.076730959961921,-0.1278333625634686,1.1278333625634689,0.12783330986906938,0.02202200551168656,0.0005136596532242353,-47.536346053205435,"('Q2', '2021')",https://www.sec.gov/Archives/edgar/data/1262039/000126203921000022/Financial_Report.xlsx,2021-06,326900,5.469390486707156,0.1023678355112602,53.428798795941496,"Q2,2021"
228,228,1262039,3/30/2021,710300.0,1262039_0.csv,467554.0,236766.66666666663,2841200.0,6.076731243877712,0.050401121108109764,0.9495988788918902,-0.05040106951871665,0.0195259399762214,0.0004554393142411845,120.56738243665657,"('Q1', '2021')",https://www.sec.gov/Archives/edgar/data/1262039/000126203921000014/Financial_Report.xlsx,2021-03,304000,-12.2501611863314,-0.2315792191309117,52.89836122733613,"Q1,2021"
229,229,1262039,12/30/2020,748000.0,1262039_0.csv,492370.0,249333.33333333328,2992000.0,6.076730913743727,,,,0.02479160797441294,0.00050396110542477,,"('Q4', '2020')",https://www.sec.gov/Archives/edgar/data/1262039/000126203921000008/Financial_Report.xlsx,2020-12,291400,,,52.8333736330415,"Q4,2020"
230,230,1280058,ttm,927740.0,1280058_0.csv,45000.0,309246.66666666674,3710960.0,82.46577777777777,0.0643518037218006,0.9356481962781994,2.7425319999515922,0.021587899941826645,4.135018460560194e-05,1281.483548375516,"('-1', 'ttm')",,2021-ttm,186314,,,50.71185378762273,"-1,ttm"
231,231,1280058,12/30/2021,247891.0,1280058_0.csv,48095.0,82630.33333333331,991564.0,20.61677929098659,-0.07211324119482836,1.0721132411948284,0.07210943784653431,0.006814451339779671,4.684882135203585e-05,-285.8945035529083,"('Q4', '2021')",,2021-12,47366,14.641731066460588,0.26368326230855604,55.52772268619452,"Q4,2021"
232,232,1280058,9/29/2021,231218.0,1280058_0.csv,44860.0,77072.66666666669,924872.0,20.616852429781535,-0.0077501965629563066,1.0077501965629565,0.00774930264993033,0.006356115429286161,4.369764270407169e-05,-2660.17155336732,"('Q3', '2021')",,2021-09,44703,129.57391304347826,2.3971760782687466,54.05273071849492,"Q3,2021"
233,233,1280058,6/29/2021,229440.0,1280058_0.csv,44515.0,76480.0,917760.0,20.616870717735594,-0.04674677263855903,1.046746772638559,0.046758306682299834,0.0063072387275013905,4.336158192090395e-05,-441.03302867864267,"('Q2', '2021')",,2021-06,45452,22.863179074446677,0.4046780860640671,56.49720076719714,"Q2,2021"
234,234,1280058,3/30/2021,219191.0,1280058_0.csv,42527.0,73063.66666666669,876764.0,20.616643544101397,0.0965158274909709,0.9034841725090292,-0.09651451324369552,0.006025496704671189,4.142509253847653e-05,213.60893938385482,"('Q1', '2021')",,2021-03,48793,-10.74025974025974,-0.1945225321493476,55.2134481367626,"Q1,2021"
235,235,1280058,12/30/2020,242606.0,1280058_0.csv,47070.0,80868.66666666669,970424.0,20.616613554280857,,,,0.008040899524385595,4.8178096212896616e-05,,"('Q4', '2020')",https://www.sec.gov/Archives/edgar/data/1280058/000128005821000006/Financial_Report.xlsx,2020-12,50613,,,56.627406042848214,"Q4,2020"
236,236,1288847,ttm,609591.0,1288847_0.csv,2000.0,203197.0,2438364.0,1219.182,0.12203687445127305,0.8779631255487269,2.511489121481114,0.014184781849912741,1.8377859824711968e-06,9990.275525179855,"('-1', 'ttm')",,2021-ttm,193929,,,59.938225749697,"-1,ttm"
237,237,1288847,12/30/2021,173599.0,1288847_0.csv,2278.0,57866.33333333334,694396.0,304.8270412642669,-0.12493827160493827,1.1249382716049383,0.12487040588875653,0.00477218591289886,2.218975258133645e-06,-2439.8211800796066,"('Q4', '2021')",,2021-12,53394,211.0434782608696,2.7061095785159397,77.9877799244952,"Q4,2021"
238,238,1288847,9/29/2021,154328.0,1288847_0.csv,2025.0,51442.66666666666,617312.0,304.84543209876546,-0.07370095440084835,1.0737009544008485,0.07334715054735631,0.0042424317396174815,1.972530683810637e-06,-4136.248093081092,"('Q3', '2021')",https://www.sec.gov/Archives/edgar/data/1288847/000128884721000139/Financial_Report.xlsx,2021-09,49712,357.6402877697841,4.483315526204247,79.7713847440438,"Q3,2021"
239,239,1288847,6/29/2021,143782.0,1288847_0.csv,1886.0,47927.33333333334,575128.0,304.94591728525984,-0.04256495301271421,1.0425649530127141,0.04279021192033779,0.003952525273350789,1.8371322813169689e-06,-7164.2488879095445,"('Q2', '2021')",https://www.sec.gov/Archives/edgar/data/1288847/000128884721000110/Financial_Report.xlsx,2021-06,46024,597.7142857142858,7.676351968799387,77.86436684296156,"Q2,2021"
240,240,1288847,3/30/2021,137882.0,1288847_0.csv,1809.0,45960.66666666666,551528.0,304.88004422332784,-0.07806912991656734,1.0780691299165674,0.07817179497204507,0.0037903359929626346,1.7621274108708358e-06,-3905.257360356825,"('Q1', '2021')",https://www.sec.gov/Archives/edgar/data/1288847/000128884721000069/Financial_Report.xlsx,2021-03,44799,341.9770992366412,4.511898225299961,75.79450647158731,"Q1,2021"
241,241,1288847,12/30/2020,127885.0,1288847_0.csv,1678.0,42628.333333333336,511540.0,304.85101311084617,,,,0.00423860265482326,1.7175025588536337e-06,,"('Q4', '2020')",https://www.sec.gov/Archives/edgar/data/1288847/000128884721000029/Financial_Report.xlsx,2020-12,37053,,,78.28147253790655,"Q4,2020"
242,242,1301991,ttm,0.0,1301991_0.csv,0.0,0.0,0.0,,,,,0.0,0.0,,"('-1', 'ttm')",,2021-ttm,0,,,78.11084445079186,"-1,ttm"
243,243,1301991,12/30/2021,0.0,1301991_0.csv,0.0,0.0,0.0,,,,,0.0,0.0,,"('Q4', '2021')",,2021-12,0,,,69.62635100360265,"Q4,2021"
244,244,1301991,9/29/2021,0.0,1301991_0.csv,0.0,0.0,0.0,,,,,0.0,0.0,,"('Q3', '2021')",https://www.sec.gov/Archives/edgar/data/1301991/000182912621011870/Financial_Report.xlsx,2021-09,0,,,69.22317563976004,"Q3,2021"
245,245,1301991,6/29/2021,0.0,1301991_0.csv,0.0,0.0,0.0,,,,,0.0,0.0,,"('Q2', '2021')",,2021-06,0,,,69.48853615520282,"Q2,2021"
246,246,1301991,3/30/2021,0.0,1301991_0.csv,0.0,0.0,0.0,,,,,0.0,0.0,,"('Q1', '2021')",https://www.sec.gov/Archives/edgar/data/1301991/000182912621004057/Financial_Report.xlsx,2021-03,0,,,70.56507832362831,"Q1,2021"
247,247,1301991,12/30/2020,0.0,1301991_0.csv,0.0,0.0,0.0,,,,,0.0,0.0,,"('Q4', '2020')",https://www.sec.gov/Archives/edgar/data/1301991/000182912621000897/Financial_Report.xlsx,2020-12,0,,,69.21501070863208,"Q4,2020"
248,248,1321655,ttm,1541889.0,1321655_0.csv,39034047.0,513963.0,6167556.0,0.158004523589368,-2.1953447434251934,3.1953447434251934,2.56203868624774,0.03587874345549738,0.035868112207860944,-0.0719725337273672,"('-1', 'ttm')",,2021-ttm,614512,,,69.75120464155768,"-1,ttm"
249,249,1321655,12/30/2021,432867.0,1321655_0.csv,12215911.0,144289.0,1731468.0,0.14173875366315292,-0.10384146133192418,1.1038414613319243,0.10384142640751153,0.011899387666742265,0.011899387297876485,-1.3649533803274578,"('Q4', '2021')",,2021-12,162593,0.1414854875411705,0.0019593735753187244,72.20955172785544,"Q4,2021"
250,250,1321655,9/29/2021,392146.0,1321655_0.csv,11066726.0,130715.33333333331,1568584.0,0.14173875814762196,-0.043935421746391465,1.0439354217463914,0.04393544917767445,0.010779979245270051,0.010779978570037015,-3.22607027572834,"('Q3', '2021')",https://www.sec.gov/Archives/edgar/data/1321655/000119312521323920/Financial_Report.xlsx,2021-09,153443,0.3294479107175829,0.004596436712777746,71.67463217795269,"Q3,2021"
251,251,1321655,6/29/2021,375642.0,1321655_0.csv,10600968.0,125214.0,1502568.0,0.14173875442318098,-0.10083404448334164,1.1008340444833415,0.10083403177877932,0.010326289095519864,0.010326288720046756,-1.4056636838225511,"('Q2', '2021')",https://www.sec.gov/Archives/edgar/data/1321655/000095012321010430/Financial_Report.xlsx,2021-06,162379,0.1672241525973558,0.002293968826567449,72.89730821999859,"Q2,2021"
252,252,1321655,3/30/2021,341234.0,1321655_0.csv,9629942.0,113744.66666666669,1364936.0,0.1417387560589669,0.07669012028508683,0.9233098797149132,0.0594335141310996,0.009380423204062979,0.009380422754724331,1.848200987716138,"('Q1', '2021')",https://www.sec.gov/Archives/edgar/data/1321655/000119312521159222/Financial_Report.xlsx,2021-03,136097,-0.17015038825398848,-0.002344135734010157,72.58555286937631,"Q1,2021"
253,253,1321655,12/30/2020,322091.0,1321655_0.csv,10429805.0,107363.66666666669,1288364.0,0.12352714168673334,,,,0.010675339310276252,0.01067533776867963,,"('Q4', '2020')",https://www.sec.gov/Archives/edgar/data/1321655/000119312521060650/Financial_Report.xlsx,2020-12,147619,,,71.65585987797789,"Q4,2020"
254,254,1327567,ttm,4857500.0,1327567_0.csv,80000.0,1619166.666666667,19430000.0,242.875,0.0778523180487355,0.9221476819512644,2.68858683271319,0.1130308318789994,7.351143929884789e-05,3119.688740005922,"('-1', 'ttm')",,2021-ttm,1972500,,,72.33821455459298,"-1,ttm"
255,255,1327567,1/30/2022,1316900.0,1327567_0.csv,86754.0,438966.66666666674,5267600.0,60.718814118081006,-0.05572254335260116,1.0557225433526012,0.05571588904922243,0.0306433973240256,7.971764256165312e-05,-1089.663365397097,"('Q4', '2021')",,2021-12,528800,115.48373007206814,1.7963356942230813,64.2885015553928,"Q4,2021"
256,256,1327567,10/30/2021,1247400.0,1327567_0.csv,82175.0,415800.0,4989600.0,60.719196836020686,-0.023044171107016585,1.0230441711070166,0.02304601000574105,0.03429066243325155,8.004578219364892e-05,-2634.9047901980152,"('Q3', '2021')",https://www.sec.gov/Archives/edgar/data/1327567/000132756721000040/Financial_Report.xlsx,2021-09,505900,273.3117233927606,4.3876184142662895,62.291589100841314,"Q3,2021"
257,257,1327567,7/30/2021,1219300.0,1327567_0.csv,80324.0,406433.33333333326,4877200.0,60.71908769483591,-0.13540179517987136,1.1354017951798714,0.13539435701648184,0.03351820162326729,7.824274303526204e-05,-448.4363565060202,"('Q2', '2021')",https://www.sec.gov/Archives/edgar/data/1327567/000132756721000029/Financial_Report.xlsx,2021-06,489800,51.13268608414239,0.8019953687231252,63.75683461308747,"Q2,2021"
258,258,1327567,4/29/2021,1073900.0,1327567_0.csv,70745.0,357966.66666666674,4295600.0,60.71948547600538,-0.05605314226003881,1.0560531422600388,0.056052709214278684,0.02952119800149819,6.891194233391778e-05,-1083.2485571338482,"('Q1', '2021')",https://www.sec.gov/Archives/edgar/data/1327567/000132756721000014/Financial_Report.xlsx,2021-03,448000,119.30758988015978,1.8299990909042287,65.19543669347297,"Q1,2021"
259,259,1327567,1/30/2021,1016900.0,1327567_0.csv,66990.0,338966.66666666674,4067600.0,60.71951037468279,,,,0.02795428461469737,6.52542372881356e-05,,"('Q4', '2020')",https://www.sec.gov/Archives/edgar/data/1327567/000132756721000004/Financial_Report.xlsx,2020-12,427400,,,66.24234383235492,"Q4,2020"
260,260,1327811,ttm,5138798.0,1327811_0.csv,130092429.0,1712932.666666667,20555192.0,0.15800452153906666,-2.734208995546962,3.734208995546962,2.7342089219055308,0.11957645142524725,0.11954102122091476,-0.05778801905647993,"('-1', 'ttm')",,2021-ttm,1461921,,,68.3108494839265,"-1,ttm"
261,261,1327811,1/30/2022,1376141.0,1327811_0.csv,34838015.0,458713.66666666674,5504564.0,0.1580045246550356,0.06990989198646476,0.9300901080135352,0.03682616030131184,0.032021896451425245,0.03201240781206065,2.2601168470640296,"('Q4', '2021')",,2021-12,410947,-0.1569346368862291,-0.001975652387371048,79.43433667248428,"Q4,2021"
262,262,1327811,10/30/2021,1327263.0,1327811_0.csv,37456602.0,442421.0,5309052.0,0.14173875142224593,-0.05308161855840965,1.0530816185584095,0.05308161709224584,0.036486073026410736,0.03648607247223847,-2.6702040230043145,"('Q3', '2021')",https://www.sec.gov/Archives/edgar/data/1327811/000132781121000174/Financial_Report.xlsx,2021-09,366323,0.19402321035022088,0.0024590307539624733,78.9023114239513,"Q3,2021"
263,263,1327811,7/30/2021,1260361.0,1327811_0.csv,35568565.0,420120.33333333326,5041444.0,0.1417387516195832,-0.0726175387612182,1.0726175387612182,0.07261753499688935,0.034646956545643225,0.03464695597116696,-1.9518528724259043,"('Q2', '2021')",https://www.sec.gov/Archives/edgar/data/1327811/000132781121000133/Financial_Report.xlsx,2021-06,358157,0.14873407208197886,0.001878898898633461,79.16023166023166,"Q2,2021"
264,264,1327811,4/29/2021,1175033.0,1327811_0.csv,33160529.0,391677.66666666674,4700132.0,0.14173875211701234,-0.03830485346545938,1.0383048534654593,0.03830486248811511,0.032301314695310945,0.032301314046366644,-3.700281799663387,"('Q1', '2021')",https://www.sec.gov/Archives/edgar/data/1327811/000132781121000054/Financial_Report.xlsx,2021-03,326494,0.2668854104593211,0.003404932816981345,78.38199013157895,"Q1,2021"
265,265,1327811,1/30/2021,1131684.0,1327811_0.csv,31937180.0,377228.0,4526736.0,0.14173875088533178,,,,0.03110966331979465,0.031109662965127606,,"('Q4', '2020')",https://www.sec.gov/Archives/edgar/data/1327811/000132781121000020/Financial_Report.xlsx,2020-12,335249,,,81.09913601140109,"Q4,2020"
266,266,1337619,ttm,1186517.0,1337619_0.csv,30037545.0,395505.66666666674,4746068.0,0.15800452400487455,-2.330103659610756,3.3301036596107565,2.7122623357038496,0.027609470622454915,0.0276012895744239,-0.06781008362145967,"('-1', 'ttm')",,2021-ttm,0,,,81.01140307387209,"-1,ttm"
267,267,1337619,12/30/2021,319621.0,1337619_0.csv,9020003.0,106540.33333333331,1278484.0,0.1417387555192609,-0.0546703758624149,1.054670375862415,0.05467030519414087,0.008786288133380065,0.00878628774595753,-2.592606201866343,"('Q4', '2021')",,2021-12,0,0.0,,,"Q4,2021"
268,268,1337619,9/29/2021,303053.0,1337619_0.csv,8552438.0,101017.66666666669,1212212.0,0.14173876501647836,-0.04957773595390341,1.0495777359539034,0.04957781795260762,0.008330838642283294,0.008330837716734853,-2.858919680161772,"('Q3', '2021')",https://www.sec.gov/Archives/edgar/data/1337619/000162828021022327/Financial_Report.xlsx,2021-09,0,0.0,,,"Q3,2021"
269,269,1337619,6/29/2021,288738.0,1337619_0.csv,8148456.0,96246.0,1154952.0,0.1417387539430783,-0.049555625396073014,1.049555625396073,0.0495556242162083,0.00793732346452797,0.007937323202805376,-2.860195039619261,"('Q2', '2021')",https://www.sec.gov/Archives/edgar/data/1337619/000162828021016073/Financial_Report.xlsx,2021-06,0,0.0,,,"Q2,2021"
270,270,1337619,3/30/2021,275105.0,1337619_0.csv,7763720.0,91701.66666666669,1100420.0,0.14173875410241482,0.09120449947254247,0.9087955005274576,0.04277932976775744,0.0075625562679971685,0.007562556010130528,1.5540763330989598,"('Q1', '2021')",https://www.sec.gov/Archives/edgar/data/1337619/000162828021009523/Financial_Report.xlsx,2021-03,0,-0.0,,,"Q1,2021"
271,271,1337619,12/30/2020,263819.0,1337619_0.csv,8542868.0,87939.66666666669,1055276.0,0.12352713397889327,,,,0.008743980246258887,0.008743979529170932,,"('Q4', '2020')",https://www.sec.gov/Archives/edgar/data/1337619/000162828021003457/Financial_Report.xlsx,2020-12,0,,,,"Q4,2020"
272,272,1341439,ttm,41827000.0,1341439_0.csv,275000.0,13942333.333333336,167308000.0,608.3927272727273,0.005349411709388414,0.9946505882906116,2.9785979263768665,0.9732867946480512,0.00025269557258978965,113730.77271375008,"('-1', 'ttm')",,2022-ttm,7888000,,,70.69545922111888,"-1,ttm"
273,273,1341439,2/27/2022,10513000.0,1341439_0.csv,276479.0,3504333.333333333,42052000.0,152.09835105017018,-0.014769411462443337,1.0147694114624433,0.014768339768339769,0.244630599185573,0.0002540546153238271,-10298.199859685416,"('Q1', '2022')",,2022-03,2004000,498.01192842942345,7.109428493706805,70.04950241362701,"Q1,2022"
274,274,1341439,11/29/2021,10360000.0,1341439_0.csv,272455.0,3453333.333333333,41440000.0,152.09851168082804,-0.06496790887841335,1.0649679088784134,0.06496710526315799,0.2847933804781835,0.00026539548022598867,-2341.132942503637,"('Q4', '2021')",https://www.sec.gov/Archives/edgar/data/1341439/000156459021060022/Financial_Report.xlsx,2021-12,1954000,117.56212020937369,1.6622863746104728,70.72314494361555,"Q4,2021"
275,275,1341439,8/30/2021,9728000.0,1341439_0.csv,255834.0,3242666.666666666,38912000.0,152.09862645309067,0.1335180318096838,0.8664819681903162,-0.1335174133784627,0.2674198846806727,0.0002492051431911163,1139.1616876879339,"('Q3', '2021')",https://www.sec.gov/Archives/edgar/data/1341439/000156459021047772/Financial_Report.xlsx,2021-09,1854000,-47.02957739333368,-0.6604383647716412,71.20963878225794,"Q3,2021"
276,276,1341439,5/30/2021,11227000.0,1341439_0.csv,295256.0,3742333.333333334,44908000.0,152.09851789633404,-0.1132367856483035,1.1132367856483034,0.11323748140803185,0.3086269577826801,0.0002876056886810832,-1343.1899980694368,"('Q2', '2021')",,2021-06,2077000,69.15726034695169,0.9751789540578468,70.91750704748016,"Q2,2021"
277,277,1341439,2/27/2021,10085000.0,1341439_0.csv,265223.0,3361666.666666666,40340000.0,152.0984228366318,,,,0.2772337106295831,0.00025835086693941166,,"('Q1', '2021')",https://www.sec.gov/Archives/edgar/data/1341439/000156459021033616/Financial_Report.xlsx,2021-03,1915000,,,71.96808510638299,"Q1,2021"
278,278,1342936,ttm,0.0,1342936_0.csv,0.0,0.0,0.0,,,,,0.0,0.0,,"('-1', 'ttm')",,2021-ttm,0,,,55.91780586364027,"-1,ttm"
279,279,1342936,9/29/2021,0.0,1342936_0.csv,0.0,0.0,0.0,,,,,0.0,0.0,,"('Q3', '2021')",https://www.sec.gov/Archives/edgar/data/1342936/000137647421000416/Financial_Report.xlsx,2021-09,0,,,53.661155250161045,"Q3,2021"
280,280,1342936,6/29/2021,0.0,1342936_0.csv,0.0,0.0,0.0,,,,,0.0,0.0,,"('Q2', '2021')",https://www.sec.gov/Archives/edgar/data/1342936/000137647421000272/Financial_Report.xlsx,2021-06,0,,,55.17976215027154,"Q2,2021"
281,281,1342936,3/30/2021,0.0,1342936_0.csv,0.0,0.0,0.0,,,,,0.0,0.0,,"('Q1', '2021')",https://www.sec.gov/Archives/edgar/data/1342936/000137647421000165/Financial_Report.xlsx,2021-03,0,,,56.80388402625821,"Q1,2021"
282,282,1342936,12/30/2020,0.0,1342936_0.csv,0.0,0.0,0.0,,,,,0.0,0.0,,"('Q4', '2020')",https://www.sec.gov/Archives/edgar/data/1342936/000137647421000115/Financial_Report.xlsx,2020-12,0,,,57.869846133351096,"Q4,2020"
283,283,1348036,ttm,698977.0,1348036_0.csv,30000.0,232992.33333333328,2795908.0,93.19693333333332,0.1045043431539357,0.8954956568460644,2.581889085896424,0.01626473531122746,2.7566789737067964e-05,891.7996182804914,"('-1', 'ttm')",,2021-ttm,296006,,,59.222072891137636,"-1,ttm"
284,284,1348036,12/30/2021,195142.0,1348036_0.csv,33501.0,65047.33333333334,780568.0,23.29984179576729,-0.07713330332454504,1.077133303324545,0.07713877251375806,0.005364396703983946,3.263296317942724e-05,-302.07239663691297,"('Q4', '2021')",,2021-12,83938,34.98874531054606,0.482282775085649,72.54819603360782,"Q4,2021"
285,285,1348036,9/29/2021,181167.0,1348036_0.csv,31102.0,60389.0,724668.0,23.29972349045077,-0.07155900086132644,1.0715590008613265,0.07156925952433063,0.004980228027132342,3.029612312487824e-05,-325.6015764614029,"('Q3', '2021')",https://www.sec.gov/Archives/edgar/data/1348036/000156459021054616/Financial_Report.xlsx,2021-09,75867,36.52720269619644,0.4631054158954495,78.87448827513347,"Q3,2021"
286,286,1348036,6/29/2021,169067.0,1348036_0.csv,29025.0,56355.66666666666,676268.0,23.299500430663233,-0.10068259385665528,1.1006825938566551,0.100689448636402,0.004647602553793925,2.8272939801285797e-05,-231.41537715879062,"('Q2', '2021')",https://www.sec.gov/Archives/edgar/data/1348036/000156459021041748/Financial_Report.xlsx,2021-06,71897,27.07984934086629,0.37781385945943546,71.67510842405652,"Q2,2021"
287,287,1348036,3/30/2021,153601.0,1348036_0.csv,26370.0,51200.33333333334,614404.0,23.29935532802427,-0.06108160309029454,1.0610816030902943,0.061073500967117986,0.004222446721508635,2.5686732904734075e-05,-381.4463627220416,"('Q1', '2021')",https://www.sec.gov/Archives/edgar/data/1348036/000156459021025131/Financial_Report.xlsx,2021-03,64304,42.361001317523055,0.6075702762985009,69.72197780246738,"Q1,2021"
288,288,1348036,12/30/2020,144760.0,1348036_0.csv,24852.0,48253.33333333334,579040.0,23.299533236761626,,,,0.004797905307989328,2.5437052200614122e-05,,"('Q4', '2020')",https://www.sec.gov/Archives/edgar/data/1348036/000156459021008919/Financial_Report.xlsx,2020-12,59759,,,65.75925553380037,"Q4,2020"
289,289,1351636,ttm,58155.0,1351636_0.csv,1472236.0,19385.0,232620.0,0.1580045590516738,-2.7340428230114084,3.7340428230114084,3.1625509984968865,0.0013532286212914483,0.0013528273418447329,-0.0577915450781564,"('-1', 'ttm')",,2021-ttm,15479,,,79.88183787469232,"-1,ttm"
290,290,1351636,12/30/2021,13971.0,1351636_0.csv,394274.0,4657.0,55884.0,0.14173899369474022,0.039595253928467904,0.9604047460715319,-0.03959579294699938,0.00038405871801744216,0.00038405805571790376,3.5796965452173484,"('Q4', '2021')",,2021-12,3598,-0.22134727776068905,-0.002950534407012383,75.01938538138188,"Q4,2021"
291,291,1351636,9/29/2021,14547.0,1351636_0.csv,410529.0,4849.0,58188.0,0.1417390732445211,0.005265300386235104,0.9947346996137648,-0.005265317286652141,0.00039989279013669256,0.0003998918760958504,26.919465718435504,"('Q3', '2021')",https://www.sec.gov/Archives/edgar/data/1351636/000095017021004414/Financial_Report.xlsx,2021-09,4018,-1.849056603773585,-0.024992870022273808,73.98336414048059,"Q3,2021"
292,292,1351636,6/29/2021,14624.0,1351636_0.csv,412702.0,4874.666666666667,58496.0,0.1417390756526501,0.025911064954682785,0.9740889350453172,-0.02591087723972545,0.0004020094976943007,0.0004020085719851937,5.4702142077349984,"('Q2', '2021')",https://www.sec.gov/Archives/edgar/data/1351636/000095017021001292/Financial_Report.xlsx,2021-06,3928,-0.35780652213517944,-0.004787736893813124,74.73395678813286,"Q2,2021"
293,293,1351636,3/30/2021,15013.0,1351636_0.csv,423680.0,5004.333333333333,60052.0,0.1417390483383686,-0.03439015219949512,1.0343901521994951,0.18689224444620128,0.00041270299431650276,0.0004127021235145138,-4.121501048211398,"('Q1', '2021')",https://www.sec.gov/Archives/edgar/data/1351636/000095017021000190/Financial_Report.xlsx,2021-03,3935,0.2793553883288372,0.003730314466906029,74.88789237668162,"Q1,2021"
294,294,1351636,12/30/2020,12649.0,1351636_0.csv,409594.0,4216.333333333333,50596.0,0.12352720010547028,,,,0.00041923669688281987,0.00041923643807574215,,"('Q4', '2020')",https://www.sec.gov/Archives/edgar/data/1351636/000156459021016134/Financial_Report.xlsx,2020-12,3091,,,76.62404975812025,"Q4,2020"
295,295,1353283,ttm,2673664.0,1353283_0.csv,12000.0,891221.3333333335,10694656.0,891.2213333333333,0.2582060950732521,0.7417939049267479,1.967048747168798,0.06221440372309482,1.1026715894827183e-05,3451.5890613678075,"('-1', 'ttm')",,2021-ttm,1534600,,,73.47048300536673,"-1,ttm"
296,296,1353283,1/30/2022,901119.0,1353283_0.csv,16177.0,300373.0,3604476.0,222.81486060456203,-0.3555387967152673,1.3555387967152672,0.3555737411451808,0.02096844677137871,1.486493191921828e-05,-626.6963343047003,"('Q4', '2021')",,2021-12,409431,96.4956398774452,1.2279690725535908,78.5814903927346,"Q4,2021"
297,297,1353283,10/30/2021,664751.0,1353283_0.csv,11934.0,221583.66666666663,2659004.0,222.80911680911686,-0.09748022806694867,1.0974802280669491,0.09741424993767972,0.01827381124191631,1.162478082992402e-05,-2285.6852228135244,"('Q3', '2021')",https://www.sec.gov/Archives/edgar/data/1353283/000135328321000036/Financial_Report.xlsx,2021-09,386932,365.0301886792452,4.582259478383682,79.66161462510715,"Q3,2021"
298,298,1353283,7/30/2021,605743.0,1353283_0.csv,10874.0,201914.33333333328,2422972.0,222.8225124149347,-0.2064795295684012,1.2064795295684012,0.2065367861034038,0.016651698520366437,1.0592246249756478e-05,-1079.1506203094068,"('Q2', '2021')",https://www.sec.gov/Archives/edgar/data/1353283/000135328321000026/Financial_Report.xlsx,2021-06,382129,205.33530360021493,2.594231471667586,79.15072569381185,"Q2,2021"
299,299,1353283,4/29/2021,502051.0,1353283_0.csv,9013.0,167350.33333333337,2008204.0,222.81193831132808,0.3261812200956938,0.6738187799043063,-0.326176588222978,0.013801235662398893,8.779466199103837e-06,683.0924792235444,"('Q1', '2021')",https://www.sec.gov/Archives/edgar/data/1353283/000135328321000019/Financial_Report.xlsx,2021-03,356108,-81.6199862479945,-1.0558204872265708,77.30479493004903,"Q1,2021"
300,300,1353283,1/30/2021,745078.0,1353283_0.csv,13376.0,248359.33333333328,2980312.0,222.8104066985646,,,,0.020481977059838227,1.3029417494642509e-05,,"('Q4', '2020')",https://www.sec.gov/Archives/edgar/data/1353283/000135328321000009/Financial_Report.xlsx,2020-12,369999,,,77.8376459666336,"Q4,2020"
301,301,1353499,ttm,288.0,1353499_0.csv,7290.0,96.0,1152.0,0.1580246913580247,-5.982758620689657,6.982758620689657,6.783783783783784,6.701570680628272e-06,6.698729906107515e-06,-0.02641334898779664,"('-1', 'ttm')",,2021-ttm,0,,,47.38041803270213,"-1,ttm"
302,302,1353499,9/29/2021,37.0,1353499_0.csv,1044.0,12.333333333333336,148.0,0.1417624521072797,-inf,inf,inf,1.0171192159935124e-06,1.016949152542373e-06,-0.0,"('Q3', '2021')",https://www.sec.gov/Archives/edgar/data/1353499/000147793221008688/Financial_Report.xlsx,2021-09,0,0.0,0.0,49.82428680006321,"Q3,2021"
303,303,1353499,6/29/2021,0.0,1353499_0.csv,0.0,0.0,0.0,,1.0,0.0,-1.0,0.0,0.0,,"('Q2', '2021')",https://www.sec.gov/Archives/edgar/data/1353499/000147793221005928/Financial_Report.xlsx,2021-06,0,-0.0,-0.0,46.62212019349021,"Q2,2021"
304,304,1353499,3/30/2021,251.0,1353499_0.csv,7083.0,83.66666666666667,1004.0,0.1417478469575039,-inf,inf,inf,6.899916843631665e-06,6.89947399181765e-06,-0.0,"('Q1', '2021')",https://www.sec.gov/Archives/edgar/data/1353499/000147793221003454/Financial_Report.xlsx,2021-03,0,0.0,0.0,44.23228864893336,"Q1,2021"
305,305,1353499,12/30/2020,0.0,1353499_0.csv,0.0,0.0,0.0,,,,,0.0,0.0,,"('Q4', '2020')",https://www.sec.gov/Archives/edgar/data/1353499/000134467621000004/Financial_Report.xlsx,2020-12,0,,,65.6705148813873,"Q4,2020"
306,306,1362190,ttm,24503.0,1362190_0.csv,32000.0,8167.666666666668,98012.0,3.062875,0.056409046678264976,0.9435909533217348,2.774337646333949,0.0005701687027341478,2.9404575719539155e-05,54.29758487977,"('-1', 'ttm')",,2021-ttm,14621,,,64.83139530185615,"-1,ttm"
307,307,1362190,12/30/2021,6492.0,1362190_0.csv,33913.0,2164.0,25968.0,0.765724058620588,-0.04676214581146984,1.0467621458114698,0.046759109964527486,0.00017846318784405088,3.303428794077537e-05,-16.374870000785357,"('Q4', '2021')",,2021-12,3983,2.629042904290429,0.036787448156896704,71.46575900230118,"Q4,2021"
308,308,1362190,9/29/2021,6202.0,1362190_0.csv,32398.0,2067.333333333333,24808.0,0.7657262793999631,-0.03007757853236678,1.0300775785323668,0.030061451586115336,0.00017049117236734497,3.1558542762517044e-05,-25.45837520051548,"('Q3', '2021')",https://www.sec.gov/Archives/edgar/data/1362190/000141057821000108/Financial_Report.xlsx,2021-09,4504,4.761099365750528,0.06586722328483405,72.28328641032562,"Q3,2021"
309,309,1362190,6/29/2021,6021.0,1362190_0.csv,31452.0,2007.0,24084.0,0.7657382678367035,-0.04025136431288242,1.0402513643128823,0.04025570145127855,0.00016551553512153888,3.0637054354178844e-05,-19.023908404307914,"('Q2', '2021')",https://www.sec.gov/Archives/edgar/data/1362190/000110465921103588/Financial_Report.xlsx,2021-06,3380,2.7773212818405915,0.038654584206783256,71.84972594668905,"Q2,2021"
310,310,1362190,3/30/2021,5788.0,1362190_0.csv,30235.0,1929.333333333333,23152.0,0.7657350752439226,-0.03540974624156707,1.035409746241567,0.035420393559928445,0.00015911043303163378,2.9451587765439313e-05,-21.62498059206749,"('Q1', '2021')",https://www.sec.gov/Archives/edgar/data/1362190/000110465921066057/Financial_Report.xlsx,2021-03,2754,2.6634429400386845,0.03716842264942532,71.65875628246133,"Q1,2021"
311,311,1362190,12/30/2020,5590.0,1362190_0.csv,29201.0,1863.333333333333,22360.0,0.7657272011232492,,,,0.00018527418258952984,2.988843398157625e-05,,"('Q4', '2020')",https://www.sec.gov/Archives/edgar/data/1362190/000110465921035092/Financial_Report.xlsx,2020-12,2921,,,69.89394440849432,"Q4,2020"
312,312,1366561,ttm,503317.0,1366561_0.csv,4000000.0,167772.33333333337,2013268.0,0.503317,0.12997991341125087,0.8700200865887491,2.4800799291976654,0.011711855730075623,0.0036755719649423945,3.8722675434282414,"('-1', 'ttm')",,2021-ttm,294135,,,70.54139246806392,"-1,ttm"
313,313,1366561,10/30/2021,144628.0,1366561_0.csv,4597595.0,48209.33333333334,578512.0,0.12582926508315762,-0.09786234678599827,1.0978623467859985,0.09786239144956584,0.003975781566775938,0.004478467757646601,-1.2857781283164644,"('Q3', '2021')",https://www.sec.gov/Archives/edgar/data/1366561/000136656121000139/Financial_Report.xlsx,2021-09,83114,0.20280363569816384,0.0026320278143877928,77.05223880597015,"Q3,2021"
314,314,1366561,7/30/2021,131736.0,1366561_0.csv,4187770.0,43912.0,526944.0,0.12582925996413366,-0.12516026622732496,1.125160266227325,0.12516014417246027,0.0036213842442735507,0.004079261640366257,-1.0053450967864963,"('Q2', '2021')",https://www.sec.gov/Archives/edgar/data/1366561/000136656121000116/Financial_Report.xlsx,2021-06,77120,0.165551114335885,0.0021548346656299873,76.82775712515489,"Q2,2021"
315,315,1366561,4/29/2021,117082.0,1366561_0.csv,3721932.0,39027.333333333336,468328.0,0.12582927361381133,-0.06563144111104845,1.0656314411110483,0.0656315133201665,0.0032185500553230393,0.0036254938632378727,-1.9172102803732147,"('Q1', '2021')",https://www.sec.gov/Archives/edgar/data/1366561/000136656121000069/Financial_Report.xlsx,2021-03,71379,0.3113845858544438,0.004051751237624088,76.85185185185185,"Q1,2021"
316,316,1366561,1/30/2021,109871.0,1366561_0.csv,3492701.0,36623.66666666666,439484.0,0.12582926508739226,,,,0.0030203217670384647,0.003402202415741282,,"('Q4', '2020')",https://www.sec.gov/Archives/edgar/data/1366561/000136656121000036/Financial_Report.xlsx,2020-12,62522,,,76.65010645848119,"Q4,2020"
317,317,1370880,ttm,483455.0,1370880_0.csv,5600.0,161151.66666666663,1933820.0,345.325,0.09046613610524606,0.9095338638947541,2.63809100965482,0.011249680046538686,5.145800750919352e-06,3817.1741921005378,"('-1', 'ttm')",,2021-ttm,260213,,,78.01470588235293,"-1,ttm"
318,318,1370880,12/30/2021,132887.0,1370880_0.csv,6157.0,44295.66666666666,531548.0,86.33230469384442,-0.08954167403999293,1.089541674039993,0.08950561613511519,0.0036530248988035103,5.99746736801091e-06,-964.1578138832307,"('Q4', '2021')",,2021-12,72513,143.30632411067194,1.8448867331115149,77.67757312069614,"Q4,2021"
319,319,1370880,9/29/2021,121970.0,1370880_0.csv,5651.0,40656.66666666666,487880.0,86.33516191824455,-0.07087360242562063,1.070873602425621,0.07075761566148707,0.003352919750668344,5.504578219364894e-06,-1218.156816691381,"('Q3', '2021')",https://www.sec.gov/Archives/edgar/data/1370880/000137088021000045/Financial_Report.xlsx,2021-09,65899,176.20053475935833,2.630400553917996,66.98619892582772,"Q3,2021"
320,320,1370880,6/29/2021,113910.0,1370880_0.csv,5277.0,37970.0,455640.0,86.3445139283684,0.5376730331172245,0.4623269668827755,-0.5376053387890302,0.0031313526998329997,5.1402688486265336e-06,160.58925891777687,"('Q2', '2021')",https://www.sec.gov/Archives/edgar/data/1370880/000137088021000033/Financial_Report.xlsx,2021-06,63018,-10.268535114876975,-0.14641031770579746,70.13532431171255,"Q2,2021"
321,321,1370880,3/30/2021,246348.0,1370880_0.csv,11414.0,82116.0,985392.0,86.33187313825127,0.004621958663992326,0.9953780413360076,-0.0046625885851428045,0.006772034719501887,1.111825443210598e-05,18678.6337599307,"('Q1', '2021')",https://www.sec.gov/Archives/edgar/data/1370880/000137088021000020/Financial_Report.xlsx,2021-03,99601,-1879.2641509433965,-27.67312549505453,67.90935672514621,"Q1,2021"
322,322,1370880,12/30/2020,247502.0,1370880_0.csv,11467.0,82500.66666666669,990008.0,86.3353972268248,,,,0.008203171867490843,1.1736949846468784e-05,,"('Q4', '2020')",https://www.sec.gov/Archives/edgar/data/1370880/000137088021000010/Financial_Report.xlsx,2020-12,96796,,,65.37010159651669,"Q4,2020"
323,323,1372612,ttm,874332.0,1372612_0.csv,22134353.0,291444.0,3497328.0,0.15800452807452742,-2.746692962274345,3.7466929622743455,2.7466928921285048,0.020345130890052358,0.020339101837234648,-0.05752536968809752,"('-1', 'ttm')",,2021-ttm,298635,,,62.908837856645796,"-1,ttm"
324,324,1372612,1/30/2022,233361.0,1372612_0.csv,5907704.0,77787.0,933444.0,0.158004531032699,0.06564046453976928,0.9343595354602308,0.04158558140365292,0.0054301570680628285,0.0054285477998945115,2.407120853585208,"('Q4', '2021')",,2021-12,79668,-0.19195859546487332,-0.002897256927825337,66.25528913963329,"Q4,2021"
325,325,1372612,10/30/2021,224044.0,1372612_0.csv,6322731.0,74681.33333333331,896176.0,0.14173875181468262,-0.04456240257921905,1.044562402579219,0.044562349057747364,0.006158904260217582,0.006158904149620104,-3.1806802059810884,"('Q3', '2021')",https://www.sec.gov/Archives/edgar/data/1372612/000095017021005036/Financial_Report.xlsx,2021-09,76368,0.2831212741347095,,,"Q3,2021"
326,326,1372612,7/30/2021,214486.0,1372612_0.csv,6052995.0,71495.33333333331,857944.0,0.14173875907711805,-0.059498791718783965,1.059498791718784,0.05949881693925638,0.00589615762598877,0.005896157218001169,-2.382212394279103,"('Q2', '2021')",https://www.sec.gov/Archives/edgar/data/1372612/000156459021047099/Financial_Report.xlsx,2021-06,72788,0.21413210716607686,0.003769118581211074,56.81225001344293,"Q2,2021"
327,327,1372612,4/29/2021,202441.0,1372612_0.csv,5713074.0,67480.33333333331,809764.0,0.14173875570314684,-0.017736496416680472,1.0177364964166804,0.01773639731943111,0.005565044086620071,0.005565043834015196,-7.991361561680646,"('Q1', '2021')",https://www.sec.gov/Archives/edgar/data/1372612/000156459021031777/Financial_Report.xlsx,2021-03,69811,0.7011670885058857,0.01162096870195326,60.3363718196774,"Q1,2021"
328,328,1372612,1/30/2021,198913.0,1372612_0.csv,5613510.0,66304.33333333331,795652.0,0.1417387695042852,,,,0.005468060394889663,0.0054680596142606674,,"('Q4', '2020')",https://www.sec.gov/Archives/edgar/data/1372612/000156459021014377/Financial_Report.xlsx,2020-12,68123,,,58.227493864898605,"Q4,2020"
329,329,1373715,ttm,5896000.0,1373715_0.csv,1093.0,1965333.333333333,23584000.0,21577.310155535226,0.08612040133779264,0.9138795986622074,2.6530359355638167,0.13719604421175102,1.004350039420509e-06,250548.18394194305,"('-1', 'ttm')",,2021-ttm,2292000,,,55.80375573234549,"-1,ttm"
330,330,1373715,12/30/2021,1614000.0,1373715_0.csv,1196.0,538000.0,6456000.0,5397.993311036789,-0.06690454950936664,1.0669045495093663,0.06746031746031746,0.04436838958414943,1.1650107149814924e-06,-80682.0066889632,"('Q4', '2021')",,2021-12,632000,8426.666666666666,161.30995160661453,52.238975852008934,"Q4,2021"
331,331,1373715,9/29/2021,1512000.0,1373715_0.csv,1121.0,504000.0,6048000.0,5395.1828724353245,-0.07375478927203065,1.0737547892720307,0.07310149041873665,0.04156443931303218,1.0919540229885058e-06,-73150.27167301923,"('Q3', '2021')",https://www.sec.gov/Archives/edgar/data/1373715/000137371521000292/Financial_Report.xlsx,2021-09,579000,7519.480519480518,146.56297115591337,51.30545908134814,"Q3,2021"
332,332,1373715,6/29/2021,1409000.0,1373715_0.csv,1044.0,469666.66666666674,5636000.0,5398.467432950191,-0.03571428571428571,1.0357142857142858,0.03602941176470597,0.03873299933337457,1.016949152542373e-06,-151157.08812260538,"('Q2', '2021')",https://www.sec.gov/Archives/edgar/data/1373715/000137371521000202/Financial_Report.xlsx,2021-06,557000,15472.222222222224,327.5523768241584,47.23587223587224,"Q2,2021"
333,333,1373715,3/30/2021,1360000.0,1373715_0.csv,1008.0,453333.33333333326,5440000.0,5396.825396825397,-0.08737864077669902,1.087378640776699,0.08771284380923426,0.03738600361489668,9.818819403857392e-07,-61763.668430335085,"('Q1', '2021')",https://www.sec.gov/Archives/edgar/data/1373715/000137371521000114/Financial_Report.xlsx,2021-03,524000,6469.135802469134,147.63932740317847,43.81715845130479,"Q1,2021"
334,334,1373715,12/30/2020,1250330.0,1373715_0.csv,927.0,416776.66666666674,5001320.0,5395.167206040993,,,,0.04144076363455579,9.488229273285569e-07,,"('Q4', '2020')",https://www.sec.gov/Archives/edgar/data/1373715/000137371521000061/Financial_Report.xlsx,2020-12,533853,,,48.41592201462226,"Q4,2020"
335,335,1378590,ttm,14709.0,1378590_0.csv,372369.0,4903.0,58836.0,0.15800455999291027,-2.078600128974652,3.0786001289746516,2.4318712085860943,0.0003422687609075044,0.00034216726425340864,-0.07601488992057939,"('-1', 'ttm')",,2021-ttm,3513,,,47.89957335083689,"-1,ttm"
336,336,1378590,12/30/2021,4286.0,1378590_0.csv,120954.0,1428.666666666667,17144.0,0.1417398349785869,-0.04434543853287054,1.0443454385328703,0.044346978557504926,0.00011782089080400525,0.00011781998831092928,-3.1962663955510084,"('Q4', '2021')",,2021-12,1231,0.23968068535825546,0.004929591663644849,48.62079898541536,"Q4,2021"
337,337,1378590,9/29/2021,4104.0,1378590_0.csv,115818.0,1368.0,16416.0,0.14173962596487594,-0.19128583330761872,1.1912858333076186,0.19129172714078385,0.00011281776384965879,0.00011281706604324956,-0.7409833938770342,"('Q3', '2021')",,2021-09,997,0.05361079744044738,0.0010924009638609846,49.07611693325979,"Q3,2021"
338,338,1378590,6/29/2021,3445.0,1378590_0.csv,97221.0,1148.3333333333333,13780.0,0.14173892471791075,-0.19869060242152245,1.1986906024215225,0.19867780097425186,9.470204592155812e-05,9.470192869666859e-05,-0.7133650157102618,"('Q2', '2021')",https://www.sec.gov/Archives/edgar/data/1378590/000143774921028984/Financial_Report.xlsx,2021-06,760,0.04716103009618368,0.0007127025624400851,66.17210682492582,"Q2,2021"
339,339,1378590,3/30/2021,2874.0,1378590_0.csv,81106.0,958.0,11496.0,0.14174043843858655,0.1168194786244746,0.8831805213755254,0.013399153737658634,7.90054223450096e-05,7.900448081044222e-05,1.2133288053289668,"('Q1', '2021')",https://www.sec.gov/Archives/edgar/data/1378590/000143774921012548/Financial_Report.xlsx,2021-03,524,-0.0488441461595824,-0.0007383417442727576,66.15384615384615,"Q1,2021"
340,340,1378590,12/30/2020,2836.0,1378590_0.csv,91834.0,945.3333333333336,11344.0,0.1235272339220768,,,,9.399598959282768e-05,9.399590583418628e-05,,"('Q4', '2020')",https://www.sec.gov/Archives/edgar/data/1378590/000143774921002639/Financial_Report.xlsx,2020-12,444,,,66.15384615384615,"Q4,2020"
341,341,1384365,ttm,0.0,1384365_0.csv,0.0,0.0,0.0,,,,,0.0,0.0,,"('-1', 'ttm')",,ttm'-ttm,0,,,73.07692307692307,"-1,ttm"
342,342,1385867,ttm,725289.0,1385867_0.csv,2000.0,241763.0,2901156.0,1450.578,0.06191369606003753,0.9380863039399624,2.7521805709319294,0.0168769982547993,1.8377859824711968e-06,23429.032545454545,"('-1', 'ttm')",,2021-ttm,327786,,,53.33333333333334,"-1,ttm"
343,343,1385867,1/30/2022,193298.0,1385867_0.csv,2132.0,64432.66666666666,773192.0,362.6604127579738,-0.04050756466569058,1.0405075646656905,0.0402656391268782,0.004497917393833624,1.9590798573142963e-06,-8952.905852302267,"('Q4', '2021')",,2021-12,89885,1082.9518072289156,18.58585047092217,58.26754115574152,"Q4,2021"
344,344,1385867,10/30/2021,185816.0,1385867_0.csv,2049.0,61938.66666666666,743264.0,362.7447535383114,-0.036418816388467376,1.0364188163884671,0.036653537596375935,0.0051080276821365,1.995908825248393e-06,-9960.3663575728,"('Q3', '2021')",https://www.sec.gov/Archives/edgar/data/1385867/000138586721000031/Financial_Report.xlsx,2021-09,83779,1163.5972222222224,19.387219796759783,60.01877703045879,"Q3,2021"
345,345,1385867,7/30/2021,179246.0,1385867_0.csv,1977.0,59748.66666666666,716984.0,362.66262013151237,-0.07387289516567082,1.0738728951656709,0.07378586105469986,0.004927420297026301,1.9257744009351262e-06,-4909.278556339074,"('Q2', '2021')",https://www.sec.gov/Archives/edgar/data/1385867/000138586721000025/Financial_Report.xlsx,2021-06,76279,560.875,9.599005195390367,58.4305340588151,"Q2,2021"
346,346,1385867,4/29/2021,166929.0,1385867_0.csv,1841.0,55643.0,667716.0,362.6920152091256,-0.02107598447032723,1.0210759844703272,0.020697793865871002,0.0045888295569346225,1.7932982661211762e-06,-17208.781669001404,"('Q1', '2021')",https://www.sec.gov/Archives/edgar/data/1385867/000138586721000019/Financial_Report.xlsx,2021-03,77843,2048.5,35.510861599577744,57.68657553564847,"Q1,2021"
347,347,1385867,1/30/2021,163544.0,1385867_0.csv,1803.0,54514.66666666666,654176.0,362.8264004437049,,,,0.004495776893525486,1.7562828755113968e-06,,"('Q4', '2020')",https://www.sec.gov/Archives/edgar/data/1385867/000138586721000011/Financial_Report.xlsx,2020-12,86481,,,56.83795496757797,"Q4,2020"
348,348,1389002,ttm,24420.0,1389002_0.csv,618210.0,8140.0,97680.0,0.15800456155675255,-2.73633347234058,3.73633347234058,3.1651031894934336,0.0005682373472949389,0.0005680688361117594,-0.05774316732733605,"('-1', 'ttm')",,2021-ttm,5482,,,58.39659535311709,"-1,ttm"
349,349,1389002,12/30/2021,5863.0,1389002_0.csv,165459.0,1954.333333333333,23452.0,0.14173904109175084,0.04743838479208287,0.9525616152079172,-0.04744110479285131,0.00016117216117216118,0.0001611718293395675,2.98785554594612,"('Q4', '2021')",,2021-12,1702,-0.20655339805825249,-0.0028378335845996344,72.78559221343251,"Q4,2021"
350,350,1389002,9/29/2021,6155.0,1389002_0.csv,173699.0,2051.6666666666665,24620.0,0.1417394458229466,-0.010007093930619031,1.0100070939306192,0.010009845749917916,0.00016919915606594782,0.00016919832456653032,-14.163896812166591,"('Q3', '2021')",https://www.sec.gov/Archives/edgar/data/1389002/000095017021003102/Financial_Report.xlsx,2021-09,1266,0.7356188262638002,0.010215212161051451,72.01209477259479,"Q3,2021"
351,351,1389002,6/29/2021,6094.0,1389002_0.csv,171978.0,2031.333333333333,24376.0,0.14173905964716418,0.033923726385682265,0.9660762736143176,-0.033925174381737436,0.00016752228384498552,0.0001675219170075979,4.1781689321426105,"('Q2', '2021')",https://www.sec.gov/Archives/edgar/data/1389002/000156459021039804/Financial_Report.xlsx,2021-06,1268,-0.2099685378373903,-0.002884697617301484,72.78701815332978,"Q2,2021"
352,352,1389002,3/30/2021,6308.0,1389002_0.csv,178017.0,2102.6666666666665,25232.0,0.14173927209199122,0.2419356899216884,0.7580643100783117,-0.13017098731384458,0.0001734050814726237,0.00017340444184687316,0.5858551590212692,"('Q1', '2021')",https://www.sec.gov/Archives/edgar/data/1389002/000156459021025024/Financial_Report.xlsx,2021-03,1246,-0.02193121413736051,-0.0002996047812632985,73.200481130129,"Q1,2021"
353,353,1389002,12/30/2020,7252.0,1389002_0.csv,234831.0,2417.333333333333,29008.0,0.12352713227810636,,,,0.00024035927945246341,0.00024035926305015362,,"('Q4', '2020')",https://www.sec.gov/Archives/edgar/data/1389002/000156459021009094/Financial_Report.xlsx,2020-12,1275,,,73.21419922366016,"Q4,2020"
354,354,1389067,ttm,0.337,1389067_0.csv,8.0,0.11233333333333334,1.348,0.1685,-1.6666666666666667,2.666666666666667,1.5923076923076924,7.841768470040722e-09,7.351143929884787e-09,-0.1011,"('-1', 'ttm')",,2021-ttm,0,,,71.30589952137433,"-1,ttm"
355,355,1389067,9/29/2021,0.13,1389067_0.csv,3.0,0.043333333333333335,0.52,0.17333333333333334,0.0,1.0,-0.0,3.573662110247476e-09,2.9222676797194614e-09,inf,"('Q3', '2021')",https://www.sec.gov/Archives/edgar/data/1389067/000147793221008474/Financial_Report.xlsx,2021-09,0,,,21.34073780245934,"Q3,2021"
356,356,1389067,6/29/2021,0.13,1389067_0.csv,3.0,0.043333333333333335,0.52,0.17333333333333334,0.0,1.0,-0.0,3.573662110247476e-09,2.9222676797194614e-09,inf,"('Q2', '2021')",https://www.sec.gov/Archives/edgar/data/1389067/000147793221005412/Financial_Report.xlsx,2021-06,0,,,66.73074866570097,"Q2,2021"
357,357,1389067,3/30/2021,0.13,1389067_0.csv,3.0,0.043333333333333335,0.52,0.17333333333333334,-0.5,1.5,0.7333333333333335,3.573662110247476e-09,2.9222676797194614e-09,-0.3466666666666667,"('Q1', '2021')",https://www.sec.gov/Archives/edgar/data/1389067/000147793221003177/Financial_Report.xlsx,2021-03,0,0.0,0.0,47.69946545238568,"Q1,2021"
358,358,1389067,12/30/2020,0.075,1389067_0.csv,2.0,0.025,0.3,0.15,,,,2.4857895696269667e-09,2.0470829068577277e-09,,"('Q4', '2020')",https://www.sec.gov/Archives/edgar/data/1389067/000147793221001762/Financial_Report.xlsx,2020-12,0,,,48.771441817338896,"Q4,2020"
359,359,1392972,ttm,251423.0,1392972_0.csv,1999.0,83807.66666666669,1005692.0,503.09754877438723,0.032429816069699906,0.9675701839303,2.8696535483970265,0.00585044793484584,1.8368670894799614e-06,15513.42590698334,"('-1', 'ttm')",,2021-ttm,86445,,,49.351471053464095,"-1,ttm"
360,360,1392972,12/30/2021,64973.0,1392972_0.csv,2066.0,21657.666666666668,259892.0,125.7947725072604,-0.03662819869543402,1.036628198695434,0.036731502608862265,0.0017860888329931481,2.0124683421001357e-06,-3434.369611054384,"('Q4', '2021')",,2021-12,22666,310.4931506849315,6.569930701047543,47.25972994440032,"Q4,2021"
361,361,1392972,9/29/2021,62671.0,1392972_0.csv,1993.0,20890.33333333333,250684.0,125.78223783241344,-0.004536290322580646,1.0045362903225807,0.004326853736318329,0.0017228075239332276,1.9413598285602963e-06,-27727.99553994536,"('Q3', '2021')",https://www.sec.gov/Archives/edgar/data/1392972/000139297221000099/Financial_Report.xlsx,2021-09,21025,2336.1111111111113,51.53567241002404,45.32998216312632,"Q3,2021"
362,362,1392972,6/29/2021,62401.0,1392972_0.csv,1984.0,20800.33333333333,249604.0,125.80846774193549,-0.016393442622950817,1.0163934426229508,0.016667209749421617,0.0017153853026273286,1.932593025521138e-06,-7674.316532258064,"('Q2', '2021')",https://www.sec.gov/Archives/edgar/data/1392972/000139297221000089/Financial_Report.xlsx,2021-06,21190,662.1875,14.472873910279693,45.75369785607446,"Q2,2021"
363,363,1392972,3/30/2021,61378.0,1392972_0.csv,1952.0,20459.33333333333,245512.0,125.77459016393442,-0.008785529715762273,1.0087855297157622,0.008544480594169977,0.0016872633307905352,1.901422170270797e-06,-14316.107762777241,"('Q1', '2021')",https://www.sec.gov/Archives/edgar/data/1392972/000139297221000059/Financial_Report.xlsx,2021-03,21564,1268.4705882352941,15.836483343296285,80.09799655251419,"Q1,2021"
364,364,1392972,12/30/2020,60858.0,1392972_0.csv,1935.0,20286.0,243432.0,125.80465116279068,,,,0.002017069088378105,1.9805527123848517e-06,,"('Q4', '2020')",https://www.sec.gov/Archives/edgar/data/1392972/000139297221000039/Financial_Report.xlsx,2020-12,19300,,,80.60188080983673,"Q4,2020"
365,365,1393052,ttm,1850777.0,1393052_0.csv,1000.0,616925.6666666665,7403108.0,7403.108,0.04671115347950429,0.9532888465204956,2.8121128982757937,0.04306636416521233,9.188929912355986e-07,158486.94473469385,"('-1', 'ttm')",,2021-ttm,288061,,,79.47906071728652,"-1,ttm"
366,366,1393052,1/30/2022,485499.0,1393052_0.csv,1049.0,161833.0,1941996.0,1851.2831267874167,-0.02042801556420233,1.0204280155642025,0.01971809094937952,0.011297242582897032,9.63918747806143e-07,-90624.7168732126,"('Q4', '2021')",,2021-12,79239,3773.285714285714,47.302940191093924,79.76852388123093,"Q4,2021"
367,367,1393052,10/30/2021,476111.0,1393052_0.csv,1028.0,158703.66666666663,1904444.0,1852.571984435797,-0.044715447154471545,1.0447154471544715,0.04503351668371401,0.013088152622861816,1.0013637249172024e-06,-41430.24619738239,"('Q3', '2021')",https://www.sec.gov/Archives/edgar/data/1393052/000139305221000040/Financial_Report.xlsx,2021-09,72423,1645.9772727272727,20.434997654376897,80.54697634744905,"Q3,2021"
368,368,1393052,7/30/2021,455594.0,1393052_0.csv,984.0,151864.66666666663,1822376.0,1852.0081300813006,-0.05016008537886873,1.0501600853788686,0.05078960175103141,0.012524146272739144,9.585037989479836e-07,-36921.94931672721,"('Q2', '2021')",https://www.sec.gov/Archives/edgar/data/1393052/000139305221000034/Financial_Report.xlsx,2021-06,71789,1527.4255319148936,18.80209584910523,81.23698252434887,"Q2,2021"
369,369,1393052,4/29/2021,433573.0,1393052_0.csv,937.0,144524.33333333337,1734292.0,1850.8986125933832,-0.09334889148191364,1.0933488914819136,0.0927812965488041,0.011918795400971759,9.127216052990456e-07,-19827.751387406617,"('Q1', '2021')",https://www.sec.gov/Archives/edgar/data/1393052/000139305221000028/Financial_Report.xlsx,2021-03,64610,807.625,17.898493123291928,45.12251363490536,"Q1,2021"
370,370,1393052,1/30/2021,396761.0,1393052_0.csv,857.0,132253.66666666663,1587044.0,1851.8599766627767,,,,0.010906844250183838,8.34794467173193e-07,,"('Q4', '2020')",https://www.sec.gov/Archives/edgar/data/1393052/000139305221000015/Financial_Report.xlsx,2020-12,62105,,,45.100878755942404,"Q4,2020"
371,371,1393548,ttm,0.0,1393548_0.csv,2.0,0.0,0.0,0.0,-inf,inf,,0.0,1.8377859824711967e-09,-0.0,"('-1', 'ttm')",,2021-ttm,0,,,44.983272314101754,"-1,ttm"
372,372,1393548,12/30/2021,0.0,1393548_0.csv,0.0,0.0,0.0,,,,,0.0,0.0,,"('Q4', '2021')",,2021-12,0,,,44.78324553098168,"Q4,2021"
373,373,1393548,12/30/2020,0.0,1393548_0.csv,0.0,0.0,0.0,,,,,0.0,0.0,,"('Q4', '2020')",,2020-12,0,,,45.658256093374526,"Q4,2020"
374,374,1397183,ttm,2521.0,1397183_0.csv,63820.0,840.3333333333335,10084.0,0.15800689439047322,-4.4965119283438115,5.496511928343811,5.1270816522948,5.866201279813845e-05,5.864375070065591e-05,-0.0351398810696965,"('-1', 'ttm')",,2021-ttm,0,,,40.84010790376746,"-1,ttm"
375,375,1397183,9/29/2021,411.452,1397183_0.csv,11611.0,137.15066666666667,1645.808,0.14174558608216348,,,,1.1310695558350342e-05,1.1310150009740891e-05,,"('Q3', '2021')",https://www.sec.gov/Archives/edgar/data/1397183/000149315221028289/Financial_Report.xlsx,2021-09,0,,,54.468229697587496,"Q3,2021"
376,376,1402436,ttm,5051000.0,1402436_0.csv,18000.0,1683666.666666667,20204000.0,1122.4444444444443,0.024284475281873368,0.9757155247181266,2.9027970947303365,0.11753344968004655,1.6540073842240774e-05,46220.65873015872,"('-1', 'ttm')",,2021-ttm,394100,,,51.7531556802244,"-1,ttm"
377,377,1402436,12/30/2021,1294200.0,1402436_0.csv,18448.0,431400.0,5176800.0,280.61578490893316,-0.023580979859068967,1.0235809798590692,0.02356849098386582,0.035577180792940644,1.7969998051821547e-05,-11900.090097444008,"('Q4', '2021')",,2021-12,108000,254.11764705882354,4.653720765414602,54.605263157894726,"Q4,2021"
378,378,1402436,9/29/2021,1264400.0,1402436_0.csv,18023.0,421466.66666666674,5057600.0,280.6192087887699,-0.0042906497269586535,1.0042906497269586,0.004289118347895154,0.034757987478437766,1.755601013052795e-05,-65402.49767432812,"('Q3', '2021')",https://www.sec.gov/Archives/edgar/data/1402436/000095017021003236/Financial_Report.xlsx,2021-09,96400,1251.9480519480521,22.516608698426882,55.60109289617486,"Q3,2021"
379,379,1402436,6/29/2021,1259000.0,1402436_0.csv,17946.0,419666.66666666674,5036000.0,280.6196366878413,-0.020761048859564302,1.0207610488595642,0.0207556348305498,0.03460954305231979,1.7481005260081823e-05,-13516.640637284761,"('Q2', '2021')",https://www.sec.gov/Archives/edgar/data/1402436/000156459021040815/Financial_Report.xlsx,2021-06,97700,267.6712328767124,4.7946934432770325,55.826558265582655,"Q2,2021"
380,380,1402436,3/30/2021,1233400.0,1402436_0.csv,17581.0,411133.33333333326,4933600.0,280.62112507820945,-0.024951903457121203,1.0249519034571213,0.024929366794083432,0.03390580651368644,1.7125462692382627e-05,-11246.48167866011,"('Q1', '2021')",https://www.sec.gov/Archives/edgar/data/1402436/000156459021024110/Financial_Report.xlsx,2021-03,92000,214.95327102803745,3.839189432063264,55.98923283983849,"Q1,2021"
381,381,1402436,12/30/2020,1203400.0,1402436_0.csv,17153.0,401133.33333333326,4813600.0,280.6272955168193,,,,0.03988532224118788,1.75568065506653e-05,,"('Q4', '2020')",https://www.sec.gov/Archives/edgar/data/1402436/000156459021008862/Financial_Report.xlsx,2020-12,95400,,,59.59312218447358,"Q4,2020"
382,382,1404655,ttm,1300658.0,1404655_0.csv,135000.0,433552.66666666674,5202632.0,38.53801481481481,0.11952885010467824,0.8804711498953217,2.521869220625547,0.03026545666084933,0.00012405055381680582,322.4160090309986,"('-1', 'ttm')",,2021-ttm,649681,,,60.63820403122657,"-1,ttm"
383,383,1404655,12/30/2021,369309.0,1404655_0.csv,153327.0,123103.0,1477236.0,9.634545774716784,-0.08877685070122493,1.088776850701225,0.08878078981117056,0.010152196771333732,0.000149354178842782,-108.52542862937857,"('Q4', '2021')",,2021-12,180845,14.465285554311313,0.2411016026919208,59.996637902050885,"Q4,2021"
384,384,1404655,9/29/2021,339195.0,1404655_0.csv,140825.0,113065.0,1356780.0,9.634510917805787,-0.09140439119281413,1.0914043911928142,0.09140314297849338,0.009324371688349174,0.00013717611533216442,-105.405339853773,"('Q3', '2021')",https://www.sec.gov/Archives/edgar/data/1404655/000095017021002844/Financial_Report.xlsx,2021-09,170016,14.41546549092759,0.246905706290495,58.38449709204851,"Q3,2021"
385,385,1404655,6/29/2021,310788.0,1404655_0.csv,129031.0,103596.0,1243152.0,9.634521936588884,-0.10457561100886016,1.1045756110088605,0.10457235263803252,0.00854347153784302,0.00012568770699396064,-92.12972167834236,"('Q2', '2021')",https://www.sec.gov/Archives/edgar/data/1404655/000095017021000805/Financial_Report.xlsx,2021-06,157799,12.917403405370006,0.21795540626574675,59.26626747500903,"Q2,2021"
386,386,1404655,3/30/2021,281365.0,1404655_0.csv,116815.0,93788.33333333331,1125460.0,9.63455035740273,-0.11624462494027712,1.116244624940277,0.11623985876658785,0.0077346418434598545,0.000113788233002143,-82.88168474329598,"('Q1', '2021')",https://www.sec.gov/Archives/edgar/data/1404655/000156459021024171/Financial_Report.xlsx,2021-03,141017,11.592026304973285,0.19490976346992187,59.4738103346072,"Q1,2021"
387,387,1404655,12/30/2020,252065.0,1404655_0.csv,104650.0,84021.66666666669,1008260.0,9.634591495461061,,,,0.008354407304906948,0.00010711361310133058,,"('Q4', '2020')",https://www.sec.gov/Archives/edgar/data/1404655/000156459021006083/Financial_Report.xlsx,2020-12,127851,,,59.945460110749366,"Q4,2020"
388,388,1410384,ttm,498720.0,1410384_0.csv,12625461.0,166240.0,1994880.0,0.1580045275178467,-2.392038122698368,3.392038122698368,2.7813042588197834,0.011604886561954623,0.011601447624018392,-0.06605435173399651,"('-1', 'ttm')",,2021-ttm,85564,,,59.10355648535565,"-1,ttm"
389,389,1410384,12/30/2021,131891.0,1410384_0.csv,3722087.0,43963.66666666666,527564.0,0.14173876107678302,-0.04067513129758698,1.040675131297587,0.040675104153515856,0.0036256451490973072,0.003625644847067992,-3.4846540516315803,"('Q4', '2021')",,2021-12,22497,0.15464087600272206,0.002595698538682317,59.57582273064117,"Q4,2021"
390,390,1410384,9/29/2021,126736.0,1410384_0.csv,3576608.0,42245.333333333336,506944.0,0.14173876477377448,-0.025596263059720216,1.0255962630597202,0.025596206291018324,0.003483935701571724,0.0034839353204753555,-5.537478828181873,"('Q3', '2021')",https://www.sec.gov/Archives/edgar/data/1410384/000141038421000127/Financial_Report.xlsx,2021-09,22664,0.25390139251425564,0.004021162908783074,63.14128481581312,"Q3,2021"
391,391,1410384,6/29/2021,123573.0,1410384_0.csv,3487345.0,41191.0,494292.0,0.14173877261928486,-0.06053031001096916,1.060530310010969,0.06053038105046344,0.003396985753458549,0.0033969851938437557,-2.3416164991324058,"('Q2', '2021')",https://www.sec.gov/Archives/edgar/data/1410384/000141038421000106/Financial_Report.xlsx,2021-06,20587,0.10343043176816953,0.0017891925356893906,57.80844135274515,"Q2,2021"
392,392,1410384,3/30/2021,116520.0,1410384_0.csv,3288303.0,38840.0,466080.0,0.141738763124931,0.06824108457171517,0.9317589154282848,0.06912814489934495,0.0032031008391233532,0.0032031005260081823,2.0770297543553315,"('Q1', '2021')",https://www.sec.gov/Archives/edgar/data/1410384/000141038421000071/Financial_Report.xlsx,2021-03,19816,-0.08228142439542918,-0.0014014174834363407,58.71299977910316,"Q1,2021"
393,393,1410384,12/30/2020,108986.0,1410384_0.csv,3529135.0,36328.66666666666,435944.0,0.12352715325426768,,,,0.003612216827138193,0.0036122159672466736,,"('Q4', '2020')",https://www.sec.gov/Archives/edgar/data/1410384/000141038421000022/Financial_Report.xlsx,2020-12,17726,,,68.99951958700767,"Q4,2020"
394,394,1418100,ttm,2943000.0,1418100_0.csv,220000.0,981000.0,11772000.0,53.50909090909091,-0.03190945463585323,1.0319094546358532,3.1276297335203367,0.06848167539267015,0.00020215645807183168,-1676.9039621557333,"('-1', 'ttm')",,2021-ttm,0,,,69.89049675185747,"-1,ttm"
395,395,1418100,12/30/2021,713000.0,1418100_0.csv,213197.0,237666.66666666663,2852000.0,13.377298930097515,0.061843512239770124,0.93815648776023,-0.061842105263157976,0.019600162189280387,0.00020767290083771679,216.30884866682732,"('Q4', '2021')",,2021-12,0,-0.0,-0.0,68.67053935046411,"Q4,2021"
396,396,1418100,9/29/2021,760000.0,1418100_0.csv,227251.0,253333.33333333328,3040000.0,13.377278867859767,-0.03825418726413801,1.038254187264138,0.03825136612021862,0.02089217849067755,0.00022136275082797584,-349.694499467265,"('Q3', '2021')",https://www.sec.gov/Archives/edgar/data/1418100/000141810021000095/Financial_Report.xlsx,2021-09,0,0.0,0.0,68.07233782271001,"Q3,2021"
397,397,1418100,6/29/2021,732000.0,1418100_0.csv,218878.0,244000.0,2928000.0,13.37731521669606,0.008129712877030163,0.9918702871229699,-0.008130081300813009,0.02012246665154733,0.00021320670173387881,1645.4843386280672,"('Q2', '2021')",https://www.sec.gov/Archives/edgar/data/1418100/000141810021000065/Financial_Report.xlsx,2021-06,0,-0.0,-0.0,69.24948303126139,"Q2,2021"
398,398,1418100,3/30/2021,738000.0,1418100_0.csv,220672.0,246000.0,2952000.0,13.377320185614849,0.006729172199291525,0.9932708278007084,-0.006729475100942088,0.02028740490278952,0.00021495421780635106,1987.959259984946,"('Q1', '2021')",https://www.sec.gov/Archives/edgar/data/1418100/000141810021000045/Financial_Report.xlsx,2021-03,0,-0.0,-0.0,71.12607131520474,"Q1,2021"
399,399,1418100,12/30/2020,743000.0,1418100_0.csv,222167.0,247666.66666666663,2972000.0,13.377324265079872,,,,0.024625888669771143,0.00022739713408393043,,"('Q4', '2020')",https://www.sec.gov/Archives/edgar/data/1418100/000141810021000010/Financial_Report.xlsx,2020-12,0,,,23.77395258200715,"Q4,2020"
400,400,1423774,ttm,346738.0,1423774_0.csv,950.0,115579.33333333331,1386952.0,1459.9494736842105,0.0433031218529708,0.9566968781470292,2.8232479160234636,0.008068365328679465,8.729483416738188e-07,33714.64714810281,"('-1', 'ttm')",,2021-ttm,143366,,,42.510187449062755,"-1,ttm"
401,401,1423774,1/30/2022,90692.0,1423774_0.csv,993.0,30230.66666666667,362768.0,365.32527693857,-0.016376663254861822,1.016376663254862,0.01638462400537944,0.002110343222803956,9.124607402969496e-07,-22307.674723061427,"('Q4', '2021')",,2021-12,38236,2389.75,50.58455923103568,47.24267713958435,"Q4,2021"
402,402,1423774,10/30/2021,89230.0,1423774_0.csv,977.0,29743.33333333333,356920.0,365.32241555783,-0.03167898627243928,1.0316789862724394,0.031715749187739166,0.0024529066930567872,9.516851743619715e-07,-11532.010917775502,"('Q3', '2021')",https://www.sec.gov/Archives/edgar/data/1423774/000142377421000134/Financial_Report.xlsx,2021-09,37004,1233.4666666666667,28.890082397003738,42.69515918011339,"Q3,2021"
403,403,1423774,7/30/2021,86487.0,1423774_0.csv,947.0,28829.0,345948.0,365.30939809926076,-0.07613636363636364,1.0761363636363637,0.07665973683227731,0.002377502422530565,9.22462497564777e-07,-4798.093586975367,"('Q2', '2021')",https://www.sec.gov/Archives/edgar/data/1423774/000142377421000099/Financial_Report.xlsx,2021-06,36261,541.2089552238806,-11.570022191063321,-46.77682948974032,"Q2,2021"
404,404,1423774,4/29/2021,80329.0,1423774_0.csv,880.0,26776.33333333333,321316.0,365.1318181818182,-0.013824884792626729,1.0138248847926268,0.013142129226733214,0.0022082207973389964,8.571985193843757e-07,-26411.201515151508,"('Q1', '2021')",https://www.sec.gov/Archives/edgar/data/1423774/000142377421000047/Financial_Report.xlsx,2021-03,31865,2655.4166666666665,95.07967455225877,27.92833146696528,"Q1,2021"
405,405,1423774,1/30/2021,79287.0,1423774_0.csv,868.0,26429.0,317148.0,365.37788018433184,,,,0.0021795765210399355,8.455094486654978e-07,,"('Q4', '2020')",https://www.sec.gov/Archives/edgar/data/1423774/000142377421000020/Financial_Report.xlsx,2020-12,31752,,,71.810301170723,"Q4,2020"
406,406,1433195,ttm,359370.0,1433195_0.csv,16844.0,119790.0,1437480.0,85.34077416290667,0.06020197511577303,0.9397980248842268,2.7591004184100414,0.008362303664921467,1.5477833544372425e-05,1417.574323745854,"('-1', 'ttm')",,2021-ttm,73200,,,73.11883262849086,"-1,ttm"
407,407,1433195,12/30/2021,95600.0,1433195_0.csv,17923.0,31866.66666666667,382400.0,21.335713887184067,0.002171250417548157,0.9978287495824518,-0.002181423457086419,0.0026280161364589127,1.7458601207870642e-05,9826.46391901539,"('Q4', '2021')",,2021-12,19945,-511.41025641025635,-7.170839275780104,71.31804754536503,"Q4,2021"
408,408,1433195,9/29/2021,95809.0,1433195_0.csv,17962.0,31936.33333333333,383236.0,21.33593141075604,-0.07601988857604984,1.07601988857605,0.07602201257861631,0.0026337614855438496,1.7496590687706996e-05,-280.66249254511473,"('Q3', '2021')",https://www.sec.gov/Archives/edgar/data/1433195/000143319521000106/Financial_Report.xlsx,2021-09,19362,15.257683215130026,0.22153321131701367,68.8731189532404,"Q3,2021"
409,409,1433195,6/29/2021,89040.0,1433195_0.csv,16693.0,29680.0,356160.0,21.33588929491404,-0.12821032711543662,1.128210327115437,0.12821682441935606,0.0024476836484341176,1.626047145918566e-05,-166.41318819586087,"('Q2', '2021')",https://www.sec.gov/Archives/edgar/data/1433195/000143319521000080/Financial_Report.xlsx,2021-06,17714,9.337901950448076,0.12701210510471542,73.5197794159023,"Q2,2021"
410,410,1433195,3/30/2021,78921.0,1433195_0.csv,14796.0,26307.0,315684.0,21.33576642335766,-0.08962368362913323,1.0896236836291333,0.08958747514910538,0.0021695152877141623,1.4412624196376388e-05,-238.05946775905807,"('Q1', '2021')",https://www.sec.gov/Archives/edgar/data/1433195/000143319521000044/Financial_Report.xlsx,2021-03,16179,13.29416598192276,0.18180646156883148,73.12262648536077,"Q1,2021"
411,411,1433195,12/30/2020,72432.0,1433195_0.csv,13579.0,24144.0,289728.0,21.33647544001768,,,,0.002400676134762939,1.3898669396110545e-05,,"('Q4', '2020')",https://www.sec.gov/Archives/edgar/data/1433195/000143319521000024/Financial_Report.xlsx,2020-12,15328,,,70.3024324144924,"Q4,2020"
412,412,1437352,ttm,368433.0,1437352_0.csv,6100.0,122811.0,1473732.0,241.59540983606558,0.10412689087971802,0.895873109120282,2.5830026840938265,0.008573193717277487,5.6052472465371525e-06,2320.201897847349,"('-1', 'ttm')",,2021-ttm,161337,,,71.55733337335927,"-1,ttm"
413,413,1437352,12/30/2021,102828.0,1437352_0.csv,6809.0,34276.0,411312.0,60.407108239095315,-0.06274387388793506,1.0627438738879351,0.06286564819217327,0.002826711749788673,6.632573543736606e-06,-962.7570708653824,"('Q4', '2021')",,2021-12,42901,106.71890547263682,1.5283674465787822,69.8254243189521,"Q4,2021"
414,414,1437352,9/29/2021,96746.0,1437352_0.csv,6407.0,32248.66666666667,386984.0,60.40018729514593,-0.11659114674102475,1.1165911467410248,0.11652759985689395,0.002659519342446172,6.240989674654198e-06,-518.0512327347494,"('Q3', '2021')",https://www.sec.gov/Archives/edgar/data/1437352/000156459021055769/Financial_Report.xlsx,2021-09,42426,63.4170403587444,0.9130317302458888,69.45765219097648,"Q3,2021"
415,415,1437352,6/29/2021,86649.0,1437352_0.csv,5738.0,28883.0,346596.0,60.40362495643082,-0.05400440852314475,1.0540044085231448,0.05399586425009128,0.002381955755314104,5.589323982076758e-06,-1118.4943342272427,"('Q2', '2021')",https://www.sec.gov/Archives/edgar/data/1437352/000156459021042684/Financial_Report.xlsx,2021-06,41483,141.09863945578232,2.016227632147888,69.98150268651457,"Q2,2021"
416,416,1437352,3/30/2021,82210.0,1437352_0.csv,5444.0,27403.33333333333,328840.0,60.40411462160176,-0.08727781106450969,1.0872778110645096,0.08731880224314878,0.002259928939103423,5.302941749464251e-06,-692.0901645545996,"('Q1', '2021')",https://www.sec.gov/Archives/edgar/data/1437352/000156459021026068/Financial_Report.xlsx,2021-03,34527,79.00915331807781,1.1257425140598587,70.18403616395418,"Q1,2021"
417,417,1437352,12/30/2020,75608.0,1437352_0.csv,5007.0,25202.66666666667,302432.0,60.40183742760136,,,,0.002505941037071409,5.124872057318321e-06,,"('Q4', '2020')",https://www.sec.gov/Archives/edgar/data/1437352/000156459021009422/Financial_Report.xlsx,2020-12,33606,,,48.93707912376458,"Q4,2020"
418,418,1437491,ttm,24632.0,1437491_0.csv,623577.0,8210.666666666666,98528.0,0.15800454474748107,-2.601680769341843,3.601680769341843,3.0149959250203744,0.0005731704479348457,0.0005730005347957209,-0.06073171874482205,"('-1', 'ttm')",,2021-ttm,0,,,47.054265589550326,"-1,ttm"
419,419,1437491,12/30/2021,6135.0,1437491_0.csv,173135.0,2045.0,24540.0,0.14173910532243625,-0.003925593477832284,1.0039255934778324,0.0039273441335297005,0.0001686493618951405,0.00016864893824274302,-36.10641451358449,"('Q4', '2021')",,2021-12,0,0.0,0.0,49.26058126715808,"Q4,2021"
420,420,1437491,9/29/2021,6111.0,1437491_0.csv,172458.0,2037.0,24444.0,0.1417388581567686,0.11164110832376076,0.8883588916762393,-0.11164413432184912,0.00016798960889017172,0.000167989479836353,1.2695937928681609,"('Q3', '2021')",https://www.sec.gov/Archives/edgar/data/1437491/000121390021058142/Financial_Report.xlsx,2021-09,0,-0.0,-0.0,49.51885919474505,"Q3,2021"
421,421,1437491,6/29/2021,6879.0,1437491_0.csv,194131.0,2293.0,27516.0,0.14173934096048546,-0.2491377757187347,1.2491377757187347,0.2491374614127473,0.00018910170504917218,0.0001891009156438729,-0.5689195086998879,"('Q2', '2021')",https://www.sec.gov/Archives/edgar/data/1437491/000121390021034916/Financial_Report.xlsx,2021-06,0,0.0,0.0,50.56102835989884,"Q2,2021"
422,422,1437491,3/30/2021,5507.0,1437491_0.csv,155412.0,1835.666666666667,22028.0,0.14173937662471367,-0.07489815538479627,1.0748981553847965,0.23337066069428905,0.00015138582493179117,0.00015138515488018702,-1.892428136534396,"('Q1', '2021')",,2021-03,0,0.0,0.0,51.4734806327428,"Q1,2021"
423,423,1437491,12/30/2020,4465.0,1437491_0.csv,144583.0,1488.333333333333,17860.0,0.1235276623116134,,,,0.00014798733904512537,0.00014798669396110542,,"('Q4', '2020')",https://www.sec.gov/Archives/edgar/data/1437491/000121390021008954/Financial_Report.xlsx,2020-12,0,,,66.84856426708912,"Q4,2020"
424,424,1441683,ttm,369259.0,1441683_0.csv,40000.0,123086.33333333331,1477036.0,36.9259,0.12070519443406387,0.8792948055659361,2.5171543414485464,0.008592414194299009,3.6755719649423945e-05,305.91806900382437,"('-1', 'ttm')",,2021-ttm,167852,,,66.21019593204022,"-1,ttm"
425,425,1441683,12/30/2021,104988.0,1441683_0.csv,45491.0,34996.0,419952.0,9.23154030467565,-0.13602537209070026,1.1360253720907003,0.13602475734983818,0.0028860895202358623,4.431229300603935e-05,-67.86631172396396,"('Q4', '2021')",,2021-12,49277,9.04663117312282,0.13469866096484093,67.16199781291199,"Q4,2021"
426,426,1441683,9/29/2021,92417.0,1441683_0.csv,40044.0,30805.66666666667,369668.0,9.231545300169813,-0.11347774101159525,1.1134777410115952,0.1134712466415259,0.0025405163941749306,3.900642898889538e-05,-81.35115501837956,"('Q3', '2021')",https://www.sec.gov/Archives/edgar/data/1441683/000144168321000085/Financial_Report.xlsx,2021-09,42071,10.308992893898557,0.15349020569727662,67.16384831896455,"Q3,2021"
427,427,1441683,6/29/2021,82999.0,1441683_0.csv,35963.0,27666.33333333333,331996.0,9.231599143564221,0.0658961038961039,0.9341038961038961,-0.06590512632941309,0.002281618319141771,3.503117085525034e-05,140.09324675885787,"('Q2', '2021')",https://www.sec.gov/Archives/edgar/data/1441683/000144168321000063/Financial_Report.xlsx,2021-06,40520,-15.971620023649981,-0.2386799537720365,66.91647024074963,"Q2,2021"
428,428,1441683,3/30/2021,88855.0,1441683_0.csv,38500.0,29618.33333333333,355420.0,9.23168831168831,-0.08849307322589765,1.0884930732258975,0.08850912654661272,0.00244259805235415,3.750243522306644e-05,-104.32102734326376,"('Q1', '2021')",https://www.sec.gov/Archives/edgar/data/1441683/000144168321000041/Financial_Report.xlsx,2021-03,35984,11.496485623003194,0.15886796086551289,72.36503546952025,"Q1,2021"
429,429,1441683,12/30/2020,81630.0,1441683_0.csv,35370.0,27210.0,326520.0,9.231552162849873,,,,0.0027055333675819896,3.620266120777892e-05,,"('Q4', '2020')",https://www.sec.gov/Archives/edgar/data/1441683/000144168321000018/Financial_Report.xlsx,2020-12,35425,,,59.15732159809017,"Q4,2020"
430,430,1441816,ttm,873782.0,1441816_0.csv,31000.0,291260.66666666674,3495128.0,112.74606451612905,0.1802845205986567,0.8197154794013433,2.27880552657846,0.02033233275159977,2.8485682728303558e-05,625.3785080479566,"('-1', 'ttm')",,2021-ttm,471890,,,57.813508116134976,"-1,ttm"
431,431,1441816,1/30/2022,266494.0,1441816_0.csv,37818.0,88831.33333333331,1065976.0,28.187000899042783,-0.17454500279520468,1.1745450027952051,0.17453601477348346,0.0062011401977894115,3.475069514254787e-05,-161.48844394081485,"('Q4', '2021')",,2021-12,144263,25.669572953736647,0.4410286714985214,58.203864312306315,"Q4,2021"
432,432,1441816,10/30/2021,226893.0,1441816_0.csv,32198.0,75631.0,907572.0,28.187216597304182,-0.14161111899021414,1.1416111189902145,0.14161723195821824,0.006237222439849081,3.136372491720241e-05,-199.0466341788601,"('Q3', '2021')",https://www.sec.gov/Archives/edgar/data/1441816/000144181621000242/Financial_Report.xlsx,2021-09,120360,30.13520280420631,0.5104712526678618,59.03408398947352,"Q3,2021"
433,433,1441816,7/30/2021,198747.0,1441816_0.csv,28204.0,66249.0,794988.0,28.187065664444766,-0.09415370291344996,1.09415370291345,0.0941326081212014,0.005463497103271962,2.747321254626924e-05,-299.37288489179747,"('Q2', '2021')",https://www.sec.gov/Archives/edgar/data/1441816/000144181621000192/Financial_Report.xlsx,2021-06,109377,45.06674907292953,0.7283319668698659,61.876659439529725,"Q2,2021"
434,434,1441816,4/29/2021,181648.0,1441816_0.csv,25777.0,60549.33333333334,726592.0,28.18760910889553,-0.06226819418115882,1.062268194181159,0.062275217983730986,0.004993450576940258,2.51090979933762e-05,-452.6806900307472,"('Q1', '2021')",https://www.sec.gov/Archives/edgar/data/1441816/000144181621000095/Financial_Report.xlsx,2021-03,97890,64.78491065519523,1.0089569177400022,64.20978885828865,"Q1,2021"
435,435,1441816,1/30/2021,170999.0,1441816_0.csv,24266.0,56999.66666666666,683996.0,28.18742273139372,,,,0.004700712670693909,2.363724917202416e-05,,"('Q4', '2020')",https://www.sec.gov/Archives/edgar/data/1441816/000144181621000051/Financial_Report.xlsx,2020-12,97683,,,71.51632366905577,"Q4,2020"
436,436,1447669,ttm,2841839.0,1447669_0.csv,71943232.0,947279.6666666664,11367356.0,0.15800452223219552,-2.024982652541689,3.0249826525416887,2.372126054887368,0.06612772542175684,0.06610813165163662,-0.07802759299388251,"('-1', 'ttm')",,2021-ttm,1044618,,,71.83651856959905,"-1,ttm"
437,437,1447669,12/30/2021,842744.0,1447669_0.csv,23783023.0,280914.66666666674,3370976.0,0.14173875205014938,-0.13857245948935054,1.1385724594893505,0.13857244763407625,0.02316678693414153,0.023166786479641537,-1.0228493639534642,"('Q4', '2021')",,2021-12,331422,0.11449803338325447,0.0015874204252437011,72.12836093228215,"Q4,2021"
438,438,1447669,9/29/2021,740176.0,1447669_0.csv,20888458.0,246725.33333333328,2960704.0,0.14173875352599027,-0.10650572750361828,1.1065057275036183,0.10650575320922492,0.02034722250857335,0.020347221897525813,-1.3308087447332355,"('Q3', '2021')",https://www.sec.gov/Archives/edgar/data/1447669/000144766921000266/Financial_Report.xlsx,2021-09,264548,0.13157664378792402,0.0018627303168068984,70.63644296801554,"Q3,2021"
439,439,1447669,6/29/2021,668931.0,1447669_0.csv,18877858.0,222977.0,2675724.0,0.14173875023320973,-0.13380446812891186,1.133804468128912,0.1338044163610108,0.01838871822361504,0.018388718098577832,-1.0592975871078811,"('Q2', '2021')",https://www.sec.gov/Archives/edgar/data/1447669/000144766921000200/Financial_Report.xlsx,2021-06,238058,0.1068556803297894,0.0014951794303216625,71.46679399328093,"Q2,2021"
440,440,1447669,3/30/2021,589988.0,1447669_0.csv,16650012.0,196662.66666666663,2359952.0,0.14173875670479996,0.061865608203920175,0.9381343917960798,0.07644364976554946,0.016218598162312983,0.016218597311513736,2.2910751356004373,"('Q1', '2021')",https://www.sec.gov/Archives/edgar/data/1447669/000144766921000126/Financial_Report.xlsx,2021-03,210590,-0.1917957433166574,-0.0027215338778458693,70.47339916579189,"Q1,2021"
441,441,1447669,12/30/2020,548090.0,1447669_0.csv,17748003.0,182696.66666666663,2192360.0,0.12352713710945395,,,,0.01816581873622458,0.01816581678607984,,"('Q4', '2020')",https://www.sec.gov/Archives/edgar/data/1447669/000144766921000070/Financial_Report.xlsx,2020-12,179987,,,79.46493471178535,"Q4,2020"
442,442,1448056,ttm,752438.0,1448056_0.csv,17000.0,250812.66666666663,3009752.0,177.04423529411758,0.07603674112723517,0.9239632588727648,2.6958313481440728,0.017508737638161718,1.5621180851005177e-05,2328.4037778244965,"('-1', 'ttm')",,2021-ttm,388399,,,79.48130486326642,"-1,ttm"
443,443,1448056,12/30/2021,203591.0,1448056_0.csv,18399.0,67863.66666666669,814364.0,44.261318549921185,-0.04037319762510602,1.040373197625106,0.0403538176949728,0.00559665725144149,1.7922267679719464e-05,-1096.304507780611,"('Q4', '2021')",,2021-12,97723,136.86694677871148,1.7159752551634204,79.76044314559594,"Q4,2021"
444,444,1448056,9/29/2021,195694.0,1448056_0.csv,17685.0,65231.33333333334,782776.0,44.26214305908961,-0.08430410790925813,1.084304107909258,0.08427339819596197,0.005379571023098228,1.722676797194623e-05,-525.0294933045467,"('Q3', '2021')",https://www.sec.gov/Archives/edgar/data/1448056/000144805621000070/Financial_Report.xlsx,2021-09,93067,67.6850909090909,0.8564927005574066,79.02588179098474,"Q3,2021"
445,445,1448056,6/29/2021,180484.0,1448056_0.csv,16310.0,60161.33333333334,721936.0,44.26339668914776,-0.04524480902332735,1.0452448090233273,0.04526000613891318,0.004961452556199272,1.5887395285408144e-05,-978.308841271192,"('Q2', '2021')",https://www.sec.gov/Archives/edgar/data/1448056/000144805621000057/Financial_Report.xlsx,2021-06,102813,145.62747875354108,1.830202264669177,79.56906270130986,"Q2,2021"
446,446,1448056,3/30/2021,172669.0,1448056_0.csv,15604.0,57556.33333333334,690676.0,44.262753140220454,-0.03805215540180947,1.0380521554018094,0.03804857520740661,0.004746620483956319,1.5199688291447495e-05,-1163.2127713353038,"('Q1', '2021')",https://www.sec.gov/Archives/edgar/data/1448056/000144805621000025/Financial_Report.xlsx,2021-03,94796,165.72727272727272,2.172349158431301,76.28942708590537,"Q1,2021"
447,447,1448056,12/30/2020,166340.0,1448056_0.csv,15032.0,55446.66666666666,665360.0,44.26290580095796,,,,0.005513149826823327,1.5385875127942686e-05,,"('Q4', '2020')",https://www.sec.gov/Archives/edgar/data/1448056/000144805621000008/Financial_Report.xlsx,2020-12,92392,,,79.41517215811669,"Q4,2020"
448,448,1459200,ttm,748969.0,1459200_0.csv,2300000.0,249656.33333333328,2995876.0,1.3025547826086956,0.04120884388962396,0.958791156110376,2.8351630907880594,0.01742801628853985,0.002113453879841877,31.608622316547642,"('-1', 'ttm')",,2021-ttm,86664,,,79.52254641909813,"-1,ttm"
449,449,1459200,12/30/2021,195290.0,1459200_0.csv,2398854.0,65096.66666666666,781160.0,0.32563882587268755,-0.015421891356367047,1.015421891356367,0.015421892223539404,0.00536846518084792,0.0023366978375219173,-21.11536246416656,"('Q4', '2021')",,2021-12,24579,0.6746356325309473,0.008470664651267166,79.64376590330788,"Q4,2021"
450,450,1459200,9/29/2021,192324.0,1459200_0.csv,2362421.0,64108.0,769296.0,0.3256388255945913,-0.018357779047983604,1.0183577790479836,0.01835780511180413,0.005286930705317197,0.0023012088447301768,-17.738465243722338,"('Q3', '2021')",https://www.sec.gov/Archives/edgar/data/1459200/000145920021000035/Financial_Report.xlsx,2021-09,22557,0.5296686782351422,0.006636179472764261,79.81530343007915,"Q3,2021"
451,451,1459200,6/29/2021,188857.0,1459200_0.csv,2319834.0,62952.33333333334,755428.0,0.3256388172602005,-0.09483559300916328,1.0948355930091629,0.0948358821551554,0.00519162388580775,0.002259725306838107,-3.4337194182856674,"('Q2', '2021')",https://www.sec.gov/Archives/edgar/data/1459200/000145920021000028/Financial_Report.xlsx,2021-06,20529,0.10216177480517154,0.0012991788215343215,78.63565285379202,"Q2,2021"
452,452,1459200,3/30/2021,172498.0,1459200_0.csv,2118888.0,57499.33333333334,689992.0,0.3256387312590377,-0.04180570845303589,1.0418057084530359,0.041805575687297716,0.0047419197437959144,0.002063985973115137,-7.789336511899017,"('Q1', '2021')",https://www.sec.gov/Archives/edgar/data/1459200/000145920021000021/Financial_Report.xlsx,2021-03,18999,0.2234466698813318,0.0028280056813251154,79.01210077365603,"Q1,2021"
453,453,1459200,12/30/2020,165576.0,1459200_0.csv,2033861.0,55192.0,662304.0,0.3256387727578237,,,,0.00548782791707406,0.0020817410440122823,,"('Q4', '2020')",https://www.sec.gov/Archives/edgar/data/1459200/000145920021000012/Financial_Report.xlsx,2020-12,23562,,,31.673483299250172,"Q4,2020"
454,454,1459417,ttm,945682.0,1459417_0.csv,23940631.0,315227.33333333326,3782728.0,0.15800452377383034,-2.4821231722789574,3.4821231722789574,2.8817275802055624,0.022005398487492733,0.0219988780316577,-0.06365700362434422,"('-1', 'ttm')",,2021-ttm,456096,,,29.881617451449856,"-1,ttm"
455,455,1459417,12/30/2021,243624.0,1459417_0.csv,6875297.0,81208.0,974496.0,0.14173874961328944,-0.048404458339883986,1.048404458339884,0.04840431025579227,0.006697152753437932,0.006697152737190727,-2.928216831144673,"('Q4', '2021')",,2021-12,109915,0.34626531833790125,0.01151614422958098,30.067817095279665,"Q4,2021"
456,456,1459417,9/29/2021,232376.0,1459417_0.csv,6557867.0,77458.66666666669,929504.0,0.14173876963347992,0.020374473111960563,0.9796255268880394,-0.020374437732126518,0.006387948511775904,0.0063879475939996105,6.956683927707268,"('Q3', '2021')",https://www.sec.gov/Archives/edgar/data/1459417/000145941721000014/Financial_Report.xlsx,2021-09,118300,-0.8673529239251571,-0.02552097611972572,33.985883606339065,"Q3,2021"
457,457,1459417,6/29/2021,237209.0,1459417_0.csv,6694259.0,79069.66666666669,948836.0,0.14173876451448922,-0.020372206526684655,1.0203722065266847,0.020372258283757747,0.006520806273151489,0.006520805571790376,-6.957457668065157,"('Q2', '2021')",https://www.sec.gov/Archives/edgar/data/1459417/000145941721000012/Financial_Report.xlsx,2021-06,114644,0.8577670701961781,0.0261133122921838,32.8478846573946,"Q2,2021"
458,458,1459417,3/30/2021,232473.0,1459417_0.csv,6560605.0,77491.0,929892.0,0.14173875732497232,0.05894640691966337,0.9410535930803366,0.07979321300175568,0.0063906150135043215,0.006390614650301968,2.404535996878395,"('Q1', '2021')",https://www.sec.gov/Archives/edgar/data/1459417/000145941721000009/Financial_Report.xlsx,2021-03,113237,-0.2755506779446548,-0.004699855317563243,58.6296086424041,"Q1,2021"
459,459,1459417,12/30/2020,215294.0,1459417_0.csv,6971553.0,71764.66666666669,861176.0,0.12352713950535844,,,,0.007135674394710241,0.007135673490276356,,"('Q4', '2020')",https://www.sec.gov/Archives/edgar/data/1459417/000145941721000003/Financial_Report.xlsx,2020-12,92550,,,60.44099058332522,"Q4,2020"
460,460,1463172,ttm,1338603.0,1463172_0.csv,170000.0,446201.0,5354412.0,31.49654117647059,0.1084633053985169,0.8915366946014831,2.5661369600255752,0.03114841186736475,0.00015621180851005178,290.38891135343613,"('-1', 'ttm')",,2021-ttm,679801,,,57.90254300450167,"-1,ttm"
461,461,1463172,12/30/2021,375365.0,1463172_0.csv,190682.0,125121.66666666669,1501460.0,7.874156973390253,-0.08182230795415862,1.0818223079541591,0.08182457475199875,0.010318674446254185,0.00018574128190142216,-96.23484316528679,"('Q4', '2021')",,2021-12,184205,12.772500346692553,0.21655456329638967,58.980518130256776,"Q4,2021"
462,462,1463172,9/29/2021,346974.0,1463172_0.csv,176260.0,115658.0,1387896.0,7.874140474299329,-0.09037370631793183,1.0903737063179315,0.09037257711742967,0.009538214131084676,0.00017169296707578415,-87.12866601485119,"('Q3', '2021')",https://www.sec.gov/Archives/edgar/data/1463172/000162828021021018/Financial_Report.xlsx,2021-09,172828,11.830241631870766,0.20666208006789427,57.244375107345284,"Q3,2021"
463,463,1463172,6/29/2021,318216.0,1463172_0.csv,161651.0,106072.0,1272864.0,7.874148628836196,-0.06766574640370923,1.0676657464037091,0.06766695297401766,0.008747665092880852,0.00015746249756477693,-116.3683111076206,"('Q2', '2021')",https://www.sec.gov/Archives/edgar/data/1463172/000146317221000323/Financial_Report.xlsx,2021-06,165250,16.12981942410932,0.20789709725050431,77.5855922830601,"Q2,2021"
464,464,1463172,3/30/2021,298048.0,1463172_0.csv,151406.0,99349.33333333331,1192192.0,7.874139730261681,-0.051328343077756335,1.0513283430777562,0.05132311339057066,0.00819325265103877,0.00014748295343853496,-153.40724555112362,"('Q1', '2021')",https://www.sec.gov/Archives/edgar/data/1463172/000146317221000166/Financial_Report.xlsx,2021-03,157518,21.309253246753247,0.273023573233517,78.04913324655467,"Q1,2021"
465,465,1463172,12/30/2020,283498.0,1463172_0.csv,144014.0,94499.33333333331,1133992.0,7.874178899273683,,,,0.009396218285468074,0.0001474042988741044,,"('Q4', '2020')",https://www.sec.gov/Archives/edgar/data/1463172/000146317221000054/Financial_Report.xlsx,2020-12,142897,,,78.22706516504493,"Q4,2020"
466,466,1467623,ttm,2157900.0,1467623_0.csv,15480000.0,719300.0,8631600.0,0.5575968992248062,0.04602121826295008,0.95397878173705,2.815915119363395,0.050212914485165794,0.01422446350432707,12.116082978048976,"('-1', 'ttm')",,2021-ttm,427500,,,77.01931403679114,"-1,ttm"
467,467,1467623,12/30/2021,565500.0,1467623_0.csv,16226776.0,188500.0,2262000.0,0.1393992250832821,-0.027808080810000208,1.0278080808100003,0.027808069792802616,0.01554543017957652,0.01580632768361582,-5.012903480672857,"('Q4', '2021')",,2021-12,108300,0.24668186694667985,0.003213677811979116,76.75998696171816,"Q4,2021"
468,468,1467623,9/29/2021,550200.0,1467623_0.csv,15787749.0,183400.0,2200800.0,0.13939922657751908,-0.036939351416569816,1.03693935141657,0.03693931398416892,0.015124837638908931,0.015378676212741088,-3.773732381099389,"('Q3', '2021')",https://www.sec.gov/Archives/edgar/data/1467623/000146762321000047/Financial_Report.xlsx,2021-09,115700,0.20572034124328345,0.0026745067355697033,76.91898416530344,"Q3,2021"
469,469,1467623,6/29/2021,530600.0,1467623_0.csv,15225335.0,176866.66666666663,2122400.0,0.13939923160968215,-0.03713834044759386,1.0371383404475938,0.03713838936669262,0.014586039351517775,0.014830834794467175,-3.75351267530086,"('Q2', '2021')",https://www.sec.gov/Archives/edgar/data/1467623/000146762321000040/Financial_Report.xlsx,2021-06,100800,0.18488763673981468,0.002060679819311576,89.72167097826058,"Q2,2021"
470,470,1467623,3/30/2021,511600.0,1467623_0.csv,14680139.0,170533.33333333337,2046400.0,0.13939922503458585,-0.014878054361690957,1.0148780543616909,0.014878000396746674,0.014063734889250838,0.014299765244496396,-9.369452594118801,"('Q1', '2021')",https://www.sec.gov/Archives/edgar/data/1467623/000146762321000025/Financial_Report.xlsx,2021-03,102700,0.4772083081641187,0.005320167392712808,89.69798747644016,"Q1,2021"
471,471,1467623,12/30/2020,504100.0,1467623_0.csv,14464929.0,168033.33333333337,2016400.0,0.13939923244697572,,,,0.016707820293986046,0.014805454452405322,,"('Q4', '2020')",https://www.sec.gov/Archives/edgar/data/1467623/000146762321000012/Financial_Report.xlsx,2020-12,109900,,,90.45117952500077,"Q4,2020"
472,472,1467761,ttm,58680.0,1467761_0.csv,1485527.0,19560.0,234720.0,0.15800453307142853,-2.500884926554631,3.500884926554632,2.902633679169992,0.0013654450261780106,0.0013650403485912456,-0.06317944955952254,"('-1', 'ttm')",,2021-ttm,8432,,,88.97047318894029,"-1,ttm"
473,473,1467761,9/29/2021,15036.0,1467761_0.csv,424329.0,5012.0,60144.0,0.14173907510445904,-0.009600422561349912,1.00960042256135,0.00960182636137789,0.0004133352576129312,0.0004133343074225599,-14.76383713307398,"('Q3', '2021')",https://www.sec.gov/Archives/edgar/data/1467761/000149315221026929/Financial_Report.xlsx,2021-09,455.99,0.1130086741016109,0.0012601570804393336,89.67824397115021,"Q3,2021"
474,474,1467761,6/29/2021,14893.0,1467761_0.csv,420294.0,4964.333333333333,59572.0,0.1417388780234788,0.008321909485372363,0.9916780905146276,-0.008323345318950653,0.0004094042292916589,0.00040940385739333723,17.03201389928801,"('Q2', '2021')",https://www.sec.gov/Archives/edgar/data/1467761/000149315221019919/Financial_Report.xlsx,2021-06,3209,-0.9098383895662036,-0.010337134548034392,88.01649870555369,"Q2,2021"
475,475,1467761,3/30/2021,15018.0,1467761_0.csv,423821.0,5006.0,60072.0,0.14173908324504922,0.04694003755382903,0.9530599624461707,0.09357023228719136,0.00041284044285920464,0.0004128394700954608,3.0195775425724425,"('Q1', '2021')",https://www.sec.gov/Archives/edgar/data/1467761/000165495421004133/Financial_Report.xlsx,2021-03,3174,-0.1520551882724921,-0.0022671020739871038,67.07028766687857,"Q1,2021"
476,476,1467761,12/30/2020,13733.0,1467761_0.csv,444695.0,4577.666666666667,54932.0,0.12352736144998255,,,,0.0004551646421291616,0.00045516376663254864,,"('Q4', '2020')",,2020-12,2505,,,66.72652845635811,"Q4,2020"
477,477,1468666,ttm,547070.0,1468666_0.csv,4000.0,182356.66666666663,2188280.0,547.07,-0.02301790281329924,1.0230179028132993,3.0918032296427045,0.012729959278650378,3.6755719649423936e-06,-23767.152222222223,"('-1', 'ttm')",,2021-ttm,143146,,,67.37012346652992,"-1,ttm"
478,478,1468666,10/30/2021,133699.0,1468666_0.csv,3910.0,44566.33333333334,534796.0,136.7764705882353,0.003567787971457696,0.9964322120285424,-0.0035253257013385256,0.003675346542138287,3.8086888759010313e-06,38336.490756302526,"('Q3', '2021')",https://www.sec.gov/Archives/edgar/data/1468666/000146866621000046/Financial_Report.xlsx,2021-09,35008,-2500.5714285714284,-37.20900246401535,67.20339872023497,"Q3,2021"
479,479,1468666,7/30/2021,134172.0,1468666_0.csv,3924.0,44724.0,536688.0,136.77064220183487,0.037763609612555184,0.9622363903874448,-0.0379383779210256,0.0036883491742778795,3.822326125073057e-06,3621.7576551888483,"('Q2', '2021')",https://www.sec.gov/Archives/edgar/data/1468666/000146866621000039/Financial_Report.xlsx,2021-06,34685,-225.22727272727272,-3.3627702023260326,66.97670645811085,"Q2,2021"
480,480,1468666,4/29/2021,139463.0,1468666_0.csv,4078.0,46487.66666666666,557852.0,136.79548798430602,0.0019579050416054823,0.9980420949583944,-0.0019536840899982825,0.003833797222164952,3.972335865965323e-06,69868.29548798429,"('Q1', '2021')",https://www.sec.gov/Archives/edgar/data/1468666/000146866621000019/Financial_Report.xlsx,2021-03,36405,-4550.625,-69.46812228085919,65.50666479226041,"Q1,2021"
481,481,1468666,1/30/2021,139736.0,1468666_0.csv,4086.0,46578.66666666666,558944.0,136.79490944689184,,,,0.003841301912596472,3.980128579777906e-06,,"('Q4', '2020')",https://www.sec.gov/Archives/edgar/data/1468666/000146866621000012/Financial_Report.xlsx,2020-12,37048,,,73.97048391035854,"Q4,2020"
482,482,1477333,ttm,656426.0,1477333_0.csv,100000.0,218808.66666666663,2625704.0,26.257040000000003,0.1523196772033331,0.8476803227966669,2.3907002210789483,0.015274601512507271,9.188929912355988e-05,172.3811426211809,"('-1', 'ttm')",,2021-ttm,328065,,,73.53163887817355,"-1,ttm"
483,483,1477333,12/30/2021,193596.0,1477333_0.csv,117969.0,64532.0,774384.0,6.564300790885742,-0.12328962778872796,1.123289627788728,0.12329196330658496,0.005321897614580543,0.00011491233196960842,-53.24292812477691,"('Q4', '2021')",,2021-12,96219,7.431186283595923,0.10088846496916916,73.65744226425531,"Q4,2021"
484,484,1477333,9/29/2021,172347.0,1477333_0.csv,105021.0,57449.0,689388.0,6.5642871425714855,-0.13068053357449694,1.1306805335744972,0.130678090639515,0.004737768797806321,0.00010229982466393922,-50.23156060829357,"('Q3', '2021')",https://www.sec.gov/Archives/edgar/data/1477333/000147733321000045/Financial_Report.xlsx,2021-09,85877,7.075053550832098,0.0955749111598311,74.02626343016316,"Q3,2021"
485,485,1477333,6/29/2021,152428.0,1477333_0.csv,92883.0,50809.33333333334,609712.0,6.564301325323256,-0.10410698365527488,1.1041069836552748,0.10411068052587737,0.004190201293390787,9.047632963179428e-05,-63.05341961553083,"('Q2', '2021')",https://www.sec.gov/Archives/edgar/data/1477333/000147733321000036/Financial_Report.xlsx,2021-06,75995,8.677209408540763,0.1160632797736895,74.76274516333122,"Q2,2021"
486,486,1477333,3/30/2021,138055.0,1477333_0.csv,84125.0,46018.33333333334,552220.0,6.564279346210996,-0.09631975395522194,1.096319753955222,0.09631847275383956,0.003795091712540117,8.194525618546659e-05,-68.15091480884244,"('Q1', '2021')",https://www.sec.gov/Archives/edgar/data/1477333/000147733321000026/Financial_Report.xlsx,2021-03,69974,9.467460424841024,0.12713114571572567,74.47003149024506,"Q1,2021"
487,487,1477333,12/30/2020,125926.0,1477333_0.csv,76734.0,41975.333333333336,503704.0,6.564287017488987,,,,0.004173673831264604,7.854042988741044e-05,,"('Q4', '2020')",https://www.sec.gov/Archives/edgar/data/1477333/000147733321000009/Financial_Report.xlsx,2020-12,63552,,,75.09408652233856,"Q4,2020"
488,488,1477720,ttm,378437.0,1477720_0.csv,93000.0,126145.66666666669,1513748.0,16.276860215053762,0.15488350114499655,0.8451164988550035,2.3804410937123155,0.008805980221058754,8.545704818491067e-05,105.09098835398828,"('-1', 'ttm')",,2021-ttm,282897,,,75.04928189242467,"-1,ttm"
489,489,1477720,1/30/2022,111949.0,1477720_0.csv,110044.0,37316.333333333336,447796.0,4.0692450292610225,-0.11572543850755347,1.1157254385075537,0.11572998993392285,0.002604979639325189,0.00010111866032753022,-35.16292598878699,"('Q4', '2021')",,2021-12,88888,7.787629227264763,0.10404204827749476,74.85078731335683,"Q4,2021"
490,490,1477720,10/30/2021,100337.0,1477720_0.csv,98630.0,33445.666666666664,401348.0,4.06922842948393,-0.12135613261176045,1.1213561326117605,0.1213594403093497,0.002758234885814623,9.60744204169102e-05,-33.53129620982654,"('Q3', '2021')",https://www.sec.gov/Archives/edgar/data/1477720/000147772021000065/Financial_Report.xlsx,2021-09,73295,6.8666854037848974,0.09151143372148167,75.03636567080677,"Q3,2021"
491,491,1477720,7/30/2021,89478.0,1477720_0.csv,87956.0,29826.0,357912.0,4.069216426395016,-0.1670204861479673,1.1670204861479674,0.16700794282211465,0.0024597241407747976,8.567699201246833e-05,-24.36357670992529,"('Q2', '2021')",https://www.sec.gov/Archives/edgar/data/1477720/000147772021000054/Financial_Report.xlsx,2021-06,63930,5.078646329837942,0.06725939648010287,75.50835415747954,"Q2,2021"
492,492,1477720,4/29/2021,76673.0,1477720_0.csv,75368.0,25557.66666666667,306692.0,4.0692601634646,-0.12144748980745765,1.1214474898074576,0.12145855577820355,0.002107718422915421,7.341515682836548e-05,-33.50633405363905,"('Q1', '2021')",https://www.sec.gov/Archives/edgar/data/1477720/000147772021000028/Financial_Report.xlsx,2021-03,56784,6.957118353344767,0.09369317443439244,74.25427087238259,"Q1,2021"
493,493,1477720,1/30/2021,68369.0,1477720_0.csv,67206.0,22789.66666666667,273476.0,4.069220010118143,,,,0.001879443883196229,6.54646405610754e-05,,"('Q4', '2020')",https://www.sec.gov/Archives/edgar/data/1477720/000147772021000007/Financial_Report.xlsx,2020-12,53527,,,52.86823018090481,"Q4,2020"
494,494,1479000,ttm,25.255,1479000_0.csv,639.0,8.418333333333333,101.02,0.15809076682316114,,,,5.876672484002327e-07,5.871726213995475e-07,,"('-1', 'ttm')",,ttm'-ttm,0,,,50.935865816592816,"-1,ttm"
495,495,1505155,ttm,302016.0,1505155_0.csv,10000.0,100672.0,1208064.0,120.8064,0.0028916143184764182,0.9971083856815236,2.9880628548791766,0.0070277137870855145,9.188929912355986e-06,41778.18571034483,"('-1', 'ttm')",,2021-ttm,55097,,,52.44826194731077,"-1,ttm"
496,496,1505155,12/30/2021,75730.0,1505155_0.csv,10029.0,25243.33333333333,302920.0,30.204407219064713,0.00426926131850675,0.9957307386814932,-0.0042470382496417455,0.002081795627761857,9.769140853302162e-06,7074.855570009763,"('Q4', '2021')",,2021-12,14003,-325.6511627906977,-6.19353459657358,52.57921106485075,"Q4,2021"
497,497,1505155,9/29/2021,76053.0,1505155_0.csv,10072.0,25351.0,304212.0,30.20373312152502,0.0027722772277227717,0.9972277227722772,-0.002766705129549937,0.0020906748036203945,9.811026690044807e-06,10894.918018835811,"('Q3', '2021')",https://www.sec.gov/Archives/edgar/data/1505155/000150515521000052/Financial_Report.xlsx,2021-09,14364,-513.0,-9.191493728620296,55.812473483241405,"Q3,2021"
498,498,1505155,6/29/2021,76264.0,1505155_0.csv,10100.0,25421.33333333333,305056.0,30.203564356435642,-0.0310330747243773,1.0310330747243772,0.03102651110600387,0.0020964751321224115,9.838301188388857e-06,-973.2701198540906,"('Q2', '2021')",https://www.sec.gov/Archives/edgar/data/1505155/000150515521000046/Financial_Report.xlsx,2021-06,14298,47.032894736842096,0.7949978969865148,59.16103038149282,"Q2,2021"
499,499,1505155,3/30/2021,73969.0,1505155_0.csv,9796.0,24656.33333333333,295876.0,30.203756635361373,0.05471388594036476,0.9452861140596353,-0.05467302260789551,0.0020333862510222736,9.542178063510615e-06,552.0309171291885,"('Q1', '2021')",https://www.sec.gov/Archives/edgar/data/1505155/000150515521000031/Financial_Report.xlsx,2021-03,12432,-21.925925925925927,-0.4644960548615901,47.2036860086129,"Q1,2021"
500,500,1505155,12/30/2020,78247.0,1505155_0.csv,10363.0,26082.33333333333,312988.0,30.20245102769468,,,,0.0025934076860613486,1.0606960081883316e-05,,"('Q4', '2020')",https://www.sec.gov/Archives/edgar/data/1505155/000150515521000011/Financial_Report.xlsx,2020-12,11566,,,47.230407607766104,"Q4,2020"
501,501,1505952,ttm,257961.0,1505952_0.csv,2000.0,85987.0,1031844.0,515.922,0.07834101382488479,0.9216589861751152,2.6855256954266857,0.00600258289703316,1.8377859824711968e-06,6585.592588235296,"('-1', 'ttm')",,2021-ttm,143722,,,37.819253438113954,"-1,ttm"
502,502,1505952,1/30/2022,69993.0,1505952_0.csv,2170.0,23331.0,279972.0,129.0193548387097,-0.0753221010901883,1.0753221010901883,0.07547517708701458,0.0016286910994764395,1.9939977909812493e-06,-1712.9016977928695,"('Q4', '2021')",,2021-12,39387,259.125,4.597482455631597,56.36236842678755,"Q4,2021"
503,503,1505952,10/30/2021,65081.0,1505952_0.csv,2018.0,21693.666666666668,260324.0,129.00099108027752,-0.03593429158110883,1.0359342915811087,0.03590927178670912,0.0017890577215155074,1.965712059224625e-06,-3589.9132946340087,"('Q3', '2021')",https://www.sec.gov/Archives/edgar/data/1505952/000150595221000034/Financial_Report.xlsx,2021-09,37503,535.7571428571429,12.217435600739885,43.85184914129587,"Q3,2021"
504,504,1505952,7/30/2021,62825.0,1505952_0.csv,1948.0,20941.666666666668,251300.0,129.00410677618072,-0.04618689581095596,1.046186895810956,0.046002464120408905,0.0017270409390484438,1.8975258133645043e-06,-2793.088916479633,"('Q2', '2021')",https://www.sec.gov/Archives/edgar/data/1505952/000150595221000029/Financial_Report.xlsx,2021-06,33378,388.11627906976736,7.927063684421557,48.96091346314048,"Q2,2021"
505,505,1505952,4/29/2021,60062.0,1505952_0.csv,1862.0,20020.666666666668,240248.0,129.0268528464017,-0.056753688989784334,1.0567536889897844,0.05662966416269372,0.0016510868743514144,1.8137541398792129e-06,-2273.453147153599,"('Q1', '2021')",https://www.sec.gov/Archives/edgar/data/1505952/000150595221000017/Financial_Report.xlsx,2021-03,33454,334.54,4.545381217608457,73.59998732427937,"Q1,2021"
506,506,1505952,1/30/2021,56843.0,1505952_0.csv,1762.0,18947.666666666668,227372.0,129.04199772985243,,,,0.0015625975025599786,1.7163452172218974e-06,,"('Q4', '2020')",https://www.sec.gov/Archives/edgar/data/1505952/000150595221000007/Financial_Report.xlsx,2020-12,31246,,,73.87067585438854,"Q4,2020"
507,507,1517375,ttm,187859.0,1517375_0.csv,25000.0,62619.66666666666,751436.0,30.057440000000003,0.1182590907487744,0.8817409092512256,2.5268750586689195,0.004371355439208842,2.297232478088997e-05,254.1659994989561,"('-1', 'ttm')",,2021-ttm,84182,,,73.24990593367731,"-1,ttm"
508,508,1517375,12/30/2021,53265.0,1517375_0.csv,28353.0,17755.0,213060.0,7.514548725002644,-0.08503310244537139,1.0850331024453714,0.08502576847079918,0.0014642393254025526,2.7618351841028638e-05,-88.37203993386326,"('Q4', '2021')",,2021-12,24824,11.171917191719173,0.15257927818196568,73.22040925108828,"Q4,2021"
509,509,1517375,9/29/2021,49091.0,1517375_0.csv,26131.0,16363.666666666664,196364.0,7.51459951781409,-0.09858740435550324,1.0985874043555033,0.09860132035358618,0.0013494972819550679,2.545392557958309e-05,-76.22271391502173,"('Q3', '2021')",https://www.sec.gov/Archives/edgar/data/1517375/000151737521000062/Financial_Report.xlsx,2021-09,21383,9.118550106609806,0.12309502045734715,74.0773271959398,"Q3,2021"
510,510,1517375,6/29/2021,44685.0,1517375_0.csv,23786.0,14895.0,178740.0,7.514504330278313,-0.0947668799189948,1.0947668799189951,0.09473761575775393,0.001228377626126219,2.3169686343269048e-05,-79.29462631566629,"('Q2', '2021')",https://www.sec.gov/Archives/edgar/data/1517375/000151737521000041/Financial_Report.xlsx,2021-06,19822,9.627003399708595,0.12868370276449184,74.8113645542768,"Q2,2021"
511,511,1517375,3/30/2021,40818.0,1517375_0.csv,21727.0,13606.0,163272.0,7.514705205504671,-0.0929624226570753,1.0929624226570749,0.09296845713061644,0.0011220749232006267,2.116403662575492e-05,-80.8359441451447,"('Q1', '2021')",https://www.sec.gov/Archives/edgar/data/1517375/000151737521000025/Financial_Report.xlsx,2021-03,18153,9.823051948051948,0.13346738124266316,73.59889627408069,"Q1,2021"
512,512,1517375,12/30/2020,37346.0,1517375_0.csv,19879.0,12448.666666666664,149384.0,7.5146637154786475,,,,0.0012377906302305155,2.0346980552712385e-05,,"('Q4', '2020')",,2020-12,16285,,,72.2434979315093,"Q4,2020"
513,513,1517413,ttm,354330.0,1517413_0.csv,10000000.0,118110.0,1417320.0,0.141732,0.0934790777237441,0.9065209222762559,2.6260834859850397,0.008245026178010472,0.009188929912355986,1.516189541566256,"('-1', 'ttm')",,2021-ttm,152645,,,72.87444962278241,"-1,ttm"
514,514,1517413,12/30/2021,97717.0,1517413_0.csv,11031185.0,32572.33333333333,390868.0,0.035433001984827565,-0.12661553150982846,1.1266155315098283,0.12661555312157713,0.0026862118494388664,0.01074535846483538,-0.27984720012076164,"('Q4', '2021')",,2021-12,42151,0.03399965154208759,0.0004539409705320452,74.89883872398215,"Q4,2021"
515,515,1517413,9/29/2021,86735.0,1517413_0.csv,9791437.0,28911.66666666667,346940.0,0.035433001305119984,-0.02009978841505488,1.0200997884150549,0.02009973419895095,0.002384319870248576,0.009537733294369764,-1.7628544427154471,"('Q3', '2021')",https://www.sec.gov/Archives/edgar/data/1517413/000151741321000195/Financial_Report.xlsx,2021-09,39288,0.2036407364405374,0.002725419426868249,74.71904486809167,"Q3,2021"
516,516,1517413,6/29/2021,85026.0,1517413_0.csv,9598509.0,28342.0,340104.0,0.035433003188307687,-0.0020505556659258344,1.0020505556659258,0.00205062933107057,0.002337339958353092,0.009349804208065459,-17.2797080211473,"('Q2', '2021')",https://www.sec.gov/Archives/edgar/data/1517413/000151741321000154/Financial_Report.xlsx,2021-06,36334,1.849811628143773,0.024343809516161226,75.98694144052234,"Q2,2021"
517,517,1517413,3/30/2021,84852.0,1517413_0.csv,9578867.0,28284.0,339408.0,0.03543300058347193,-0.02665492125975813,1.0266549212597582,0.026654889956321263,0.002332556749067068,0.009330671147477107,-1.3293230258746396,"('Q1', '2021')",https://www.sec.gov/Archives/edgar/data/1517413/000151741321000069/Financial_Report.xlsx,2021-03,34872,0.1402199481292346,,,"Q1,2021"
518,518,1517413,12/30/2020,82649.0,1517413_0.csv,9330172.0,27549.66666666667,330596.0,0.03543300166384929,,,,0.002739306961867988,0.00954981780962129,,"('Q4', '2020')",https://www.sec.gov/Archives/edgar/data/1517413/000151741321000030/Financial_Report.xlsx,2020-12,34765,,,,"Q4,2020"
519,519,1522787,ttm,0.0,1522787_0.csv,0.0,0.0,0.0,,,,,0.0,0.0,,"('-1', 'ttm')",,ttm'-ttm,0,,,68.44476320684939,"-1,ttm"
520,520,1528396,ttm,763970.0,1528396_0.csv,19340459.0,254656.66666666663,3055880.0,0.15800452305707946,-2.7333665480536955,3.733366548053696,2.7333665635552427,0.017777079697498546,0.017771812222379457,-0.05780583038509313,"('-1', 'ttm')",,2021-ttm,179482,,,68.44476320684939,"-1,ttm"
521,521,1528396,1/30/2022,204633.0,1528396_0.csv,5180434.0,68211.0,818532.0,0.15800452240101892,-0.10626563697197323,1.1062656369719732,0.23321923174274106,0.004761675392670157,0.004760264494158597,-1.4868825605655702,"('Q4', '2021')",,2021-12,51167,0.10282302631314533,0.0014591296243905696,70.46874012724614,"Q4,2021"
522,522,1528396,10/30/2021,165934.0,1528396_0.csv,4682812.0,55311.33333333334,663736.0,0.14173876721935452,0.2767712710834349,0.7232287289165651,-0.276771198814479,0.004561477296936959,0.004561476719267485,0.5121151724473103,"('Q3', '2021')",https://www.sec.gov/Archives/edgar/data/1528396/000152839621000118/Financial_Report.xlsx,2021-09,43631,-0.024346868237523564,-0.00033757853145888336,72.12208706609941,"Q3,2021"
523,523,1528396,7/30/2021,229435.0,1528396_0.csv,6474870.0,76478.33333333331,917740.0,0.1417387530560459,-0.3992669638863016,1.3992669638863016,0.3992669301327088,0.00630710127895869,0.006307101110461719,-0.3549974475133599,"('Q2', '2021')",https://www.sec.gov/Archives/edgar/data/1528396/000152839621000095/Financial_Report.xlsx,2021-06,43805,0.023709906145469112,0.00033451486063960635,70.87848384414009,"Q2,2021"
524,524,1528396,4/29/2021,163968.0,1528396_0.csv,4627330.0,54656.0,655872.0,0.14173875647511633,0.08938019886581114,0.9106198011341888,-0.0893803245548755,0.004507432529946601,0.0045074323007987535,1.5857959399700203,"('Q1', '2021')",https://www.sec.gov/Archives/edgar/data/1528396/000152839621000028/Financial_Report.xlsx,2021-03,40879,-0.09000477776774765,-0.0011653987443160686,77.23088617241326,"Q1,2021"
525,525,1528396,1/30/2021,180062.0,1528396_0.csv,5081517.0,60020.66666666666,720248.0,0.14173877603873014,,,,0.004949851899195239,0.004949850964348334,,"('Q4', '2020')",https://www.sec.gov/Archives/edgar/data/1528396/000152839621000019/Financial_Report.xlsx,2020-12,39216,,,79.41464999785406,"Q4,2020"
526,526,1535527,ttm,1451594.0,1535527_0.csv,14687.0,483864.66666666674,5806376.0,395.3411860829305,0.1580003439775268,0.8419996560224732,2.367889376116564,0.03377763816172193,1.3495781362277235e-05,2502.153958216457,"('-1', 'ttm')",,2021-ttm,616546,,,76.58602230043478,"-1,ttm"
527,527,1535527,1/30/2022,431010.0,1535527_0.csv,17443.0,143670.0,1724040.0,98.83850255116666,-0.1340615044535466,1.1340615044535465,0.13408463600937764,0.01002931937172775,1.6028250446122547e-05,-737.2623703877276,"('Q4', '2021')",,2021-12,162594,78.85257032007759,1.0436857227039689,75.55202548501599,"Q4,2021"
528,528,1535527,10/30/2021,380051.0,1535527_0.csv,15381.0,126683.66666666669,1520204.0,98.83648657434496,-0.12549392653300162,1.1254939265330015,0.1254434540554948,0.010447491220474336,1.4982466393921682e-05,-787.5798399562673,"('Q3', '2021')",https://www.sec.gov/Archives/edgar/data/1535527/000153552721000028/Financial_Report.xlsx,2021-09,164960,96.1865889212828,1.257398855943837,76.49648197674126,"Q3,2021"
529,529,1535527,7/30/2021,337690.0,1535527_0.csv,13666.0,112563.33333333331,1350760.0,98.84091906922285,-0.11504569190600522,1.1150456919060052,0.11506622243208516,0.009282999676995923,1.3311903370348724e-05,-859.1448965336142,"('Q2', '2021')",https://www.sec.gov/Archives/edgar/data/1535527/000153552721000022/Financial_Report.xlsx,2021-06,153861,109.12127659574469,1.4174173109237418,76.98599117900535,"Q2,2021"
530,530,1535527,4/29/2021,302843.0,1535527_0.csv,12256.0,100947.66666666669,1211372.0,98.83909921671018,-0.14307032270098866,1.1430703227009886,0.14311004080338505,0.008325065803489821,1.1938437560880576e-05,-690.8427782278792,"('Q1', '2021')",https://www.sec.gov/Archives/edgar/data/1535527/000153552721000013/Financial_Report.xlsx,2021-03,135131,88.09061277705345,1.6803127657434869,52.425128567107,"Q1,2021"
531,531,1535527,1/30/2021,264929.0,1535527_0.csv,10722.0,88309.66666666669,1059716.0,98.8356649878754,,,,0.007282820993890412,1.044418468731736e-05,,"('Q4', '2020')",https://www.sec.gov/Archives/edgar/data/1535527/000153552721000007/Financial_Report.xlsx,2020-12,112449,,,62.55172413793103,"Q4,2020"
532,532,1540755,ttm,592176.0,1540755_0.csv,1700.0,197392.0,2368704.0,1393.3552941176474,0.08993576017130621,0.9100642398286938,2.640150234510908,0.0137795462478185,1.5621180851005175e-06,15492.783865546218,"('-1', 'ttm')",,2021-ttm,377352,,,53.2190635451505,"-1,ttm"
533,533,1540755,1/30/2022,162679.0,1540755_0.csv,1868.0,54226.33333333334,650716.0,348.34903640256965,-0.04767246214245653,1.0476724621424565,0.047190823184077135,0.00378543339150669,1.7164921076280985e-06,-7307.133316538609,"('Q4', '2021')",,2021-12,99742,1173.4352941176473,22.60943976309059,51.9002375296912,"Q4,2021"
534,534,1540755,10/30/2021,155348.0,1540755_0.csv,1783.0,51782.66666666666,621392.0,348.50925406618063,-0.07604103802051901,1.076041038020519,0.07638369224799751,0.004270471242328653,1.7368010909799339e-06,-4583.173285616359,"('Q3', '2021')",https://www.sec.gov/Archives/edgar/data/1540755/000154075521000069/Financial_Report.xlsx,2021-09,92859,736.9761904761905,19.31227245704774,38.16102906145783,"Q3,2021"
535,535,1540755,7/30/2021,144324.0,1540755_0.csv,1657.0,48108.0,577296.0,348.3983101991551,-0.11208053691275167,1.1120805369127518,0.11168110918544194,0.003967424695379667,1.6140658484317159e-06,-3108.463965249947,"('Q2', '2021')",https://www.sec.gov/Archives/edgar/data/1540755/000154075521000034/Financial_Report.xlsx,2021-06,96281,576.5329341317365,8.538683867368189,67.52011704462326,"Q2,2021"
536,536,1540755,4/29/2021,129825.0,1540755_0.csv,1490.0,43275.0,519300.0,348.5234899328859,-0.059743954480796585,1.0597439544807965,0.05957967761681296,0.0035688514112529116,1.4513929475939998e-06,-5833.619367209972,"('Q1', '2021')",https://www.sec.gov/Archives/edgar/data/1540755/000154075521000006/Financial_Report.xlsx,2021-03,88470,1053.2142857142858,15.466210845894985,68.09775815217391,"Q1,2021"
537,537,1540755,1/30/2021,122525.0,1540755_0.csv,1406.0,40841.66666666666,490100.0,348.5775248933144,,,,0.003368176538908247,1.3695694525618549e-06,,"('Q4', '2020')",https://www.sec.gov/Archives/edgar/data/1540755/000156459021012868/Financial_Report.xlsx,2020-12,83521,,,72.02336065573772,"Q4,2020"
538,538,1556753,ttm,0.0,1556753_0.csv,0.0,0.0,0.0,,,,,0.0,0.0,,"('-1', 'ttm')",,2021-ttm,0,,,73.43791946308724,"-1,ttm"
539,539,1556753,3/30/2021,0.0,1556753_0.csv,0.0,0.0,0.0,,,,,0.0,0.0,,"('Q1', '2021')",https://www.sec.gov/Archives/edgar/data/1556753/000149315221011278/Financial_Report.xlsx,2021-03,0,,,52.00412272291466,"Q1,2021"
540,540,1560327,ttm,535404.0,1560327_0.csv,9900.0,178468.0,2141616.0,216.32484848484847,0.75,0.25,-0.0,0.012458499127399651,9.097040613232429e-06,288.4331313131313,"('-1', 'ttm')",,2021-ttm,247453,,,83.28037807385256,"-1,ttm"
541,541,1560327,12/30/2021,535404.0,1560327_0.csv,39600.0,178468.0,2141616.0,54.08121212121212,-0.3011763159624105,1.3011763159624103,0.3011475481547367,0.01471809991134569,3.8573933372296897e-05,-179.5666168118012,"('Q4', '2021')",,2021-12,247453,26.996836133536984,0.3243905763370697,83.22324414715719,"Q4,2021"
542,542,1560327,12/30/2020,411486.0,1560327_0.csv,30434.0,137162.0,1645944.0,54.08240783334429,-0.2585914561018982,1.2585914561018985,0.2585709610426155,0.013638234757966956,3.115046059365404e-05,-209.1422843144248,"('Q4', '2020')",https://www.sec.gov/Archives/edgar/data/1560327/000156032721000043/Financial_Report.xlsx,2020-12,195981,31.34191588037741,0.3809768954098577,82.26723525230987,"Q4,2020"
543,543,1560327,12/30/2019,326947.0,1560327_0.csv,24181.0,108982.33333333331,1307788.0,54.083288532318754,-0.3394449675954135,1.3394449675954134,0.3394471733902519,0.012832396259554716,2.671048271291285e-05,-159.3285913632426,"('Q4', '2019')",,2019-12,157722,25.73792428198433,0.3078066580812942,83.61717853155321,"Q4,2019"
544,544,1560327,12/30/2018,244091.0,1560327_0.csv,18053.0,81363.66666666669,976364.0,54.08319946823243,,,,,,,"('Q4', '2018')",,2018-12,123310,,,84.14243303420822,"Q4,2018"
545,545,1561550,ttm,1028784.0,1561550_0.csv,26044419.0,342928.0,4115136.0,0.15800452296516962,-1.829189303220688,2.829189303220688,2.153863604313944,0.02393912739965096,0.02393203407990326,-0.08637953583424532,"('-1', 'ttm')",,2021-ttm,299497,,,53.35826710300764,"-1,ttm"
546,546,1561550,12/30/2021,326198.0,1561550_0.csv,9205612.0,108732.66666666669,1304792.0,0.14173875674968706,-0.20596104710022656,1.2059610471002271,0.20596107775575995,0.008967087946450047,0.008967087473212546,-0.688182346833345,"('Q4', '2021')",,2021-12,88905,0.05654858070408882,0.0010548731042944505,53.60699829569664,"Q4,2021"
547,547,1561550,9/29/2021,270488.0,1561550_0.csv,7633424.0,90162.66666666669,1081952.0,0.14173875314668752,-0.15816379710971268,1.1581637971097127,0.1581638114485611,0.007435636283666301,0.007435636080264952,-0.8961516841200285,"('Q3', '2021')",https://www.sec.gov/Archives/edgar/data/1561550/000156155021000026/Financial_Report.xlsx,2021-09,75827,0.07273901077554576,0.0014658403074706784,49.62273885144939,"Q3,2021"
548,548,1561550,6/29/2021,233549.0,1561550_0.csv,6590971.0,77849.66666666669,934196.0,0.14173875139186626,-0.17627896584082275,1.1762789658408228,0.17627890344448985,0.006420193939893753,0.006420193843756089,-0.8040593539665656,"('Q2', '2021')",https://www.sec.gov/Archives/edgar/data/1561550/000156155021000018/Financial_Report.xlsx,2021-06,70412,0.0712864711414927,0.0013206884584782714,53.97675029554709,"Q2,2021"
549,549,1561550,3/30/2021,198549.0,1561550_0.csv,5603238.0,66183.0,794196.0,0.14173875891047286,0.02530820731125216,0.9746917926887478,0.11839059093904725,0.00545805414098097,0.005458053769725307,5.600505684472368,"('Q1', '2021')",https://www.sec.gov/Archives/edgar/data/1561550/000156155021000007/Financial_Report.xlsx,2021-03,64353,-0.4423190597291911,-0.007891035092722879,56.05336366291135,"Q1,2021"
550,550,1561550,12/30/2020,177531.0,1561550_0.csv,5748728.0,59177.0,710124.0,0.12352715244137485,,,,0.0058840627744726,0.0058840614124872044,,"('Q4', '2020')",https://www.sec.gov/Archives/edgar/data/1561550/000156459021009770/Financial_Report.xlsx,2020-12,60034,,,54.13091958546504,"Q4,2020"
551,551,1566610,ttm,9917.0,1566610_0.csv,251056.0,3305.666666666666,39668.0,0.15800458861767894,-2.067644183773216,3.0676441837732167,2.4196551724137927,0.000230762070971495,0.00023069359880764444,-0.07641768823557372,"('-1', 'ttm')",,2021-ttm,0,,,63.89670034621636,"-1,ttm"
552,552,1566610,9/29/2021,2900.0,1566610_0.csv,81840.0,966.6666666666664,11600.0,0.14173998044965788,-0.2123726001422138,1.2123726001422137,0.2123745819397992,7.972015476705909e-05,7.971946230274693e-05,-0.667411805264628,"('Q3', '2021')",https://www.sec.gov/Archives/edgar/data/1566610/000149315221028528/Financial_Report.xlsx,2021-09,0,0.0,0.0,61.997072874382134,"Q3,2021"
553,553,1566610,6/29/2021,2392.0,1566610_0.csv,67504.0,797.3333333333335,9568.0,0.1417397487556293,0.05305389557556883,0.9469461044244312,-0.053048297703879616,6.575538282855356e-05,6.57549191505942e-05,2.671618119987781,"('Q2', '2021')",https://www.sec.gov/Archives/edgar/data/1566610/000149315221020173/Financial_Report.xlsx,2021-06,0,-0.0,-0.0,63.66912457725786,"Q2,2021"
554,554,1566610,3/30/2021,2526.0,1566610_0.csv,71286.0,842.0,10104.0,0.14173891086608872,-0.04881709039548023,1.0488170903954803,0.20343020485945693,6.94390037729625e-05,6.943892460549386e-05,-2.903469045734273,"('Q1', '2021')",https://www.sec.gov/Archives/edgar/data/1566610/000149315221011251/Financial_Report.xlsx,2021-03,0,0.0,0.0,65.49085907501862,"Q1,2021"
555,555,1566610,12/30/2020,2099.0,1566610_0.csv,67968.0,699.6666666666665,8396.0,0.12352871939736347,,,,6.956896408862669e-05,6.956806550665302e-05,,"('Q4', '2020')",https://www.sec.gov/Archives/edgar/data/1566610/000149315221007445/Financial_Report.xlsx,2020-12,0,,,64.51885281700393,"Q4,2020"
556,556,1567771,ttm,0.0,1567771_0.csv,0.0,0.0,0.0,,,,,0.0,0.0,,"('-1', 'ttm')",,2021-ttm,0,,,62.45601688951443,"-1,ttm"
557,557,1567771,3/30/2021,0.0,1567771_0.csv,0.0,0.0,0.0,,,,,0.0,0.0,,"('Q1', '2021')",https://www.sec.gov/Archives/edgar/data/1567771/000149315221014247/Financial_Report.xlsx,2021-03,0,,,78.60159493205141,"Q1,2021"
558,558,1567771,12/30/2020,0.0,1567771_0.csv,0.0,0.0,0.0,,,,,0.0,0.0,,"('Q4', '2020')",https://www.sec.gov/Archives/edgar/data/1567771/000149315221013331/Financial_Report.xlsx,2020-12,0,,,79.93236263814009,"Q4,2020"
559,559,1567900,ttm,5468.0,1567900_0.csv,100000.0,1822.666666666667,21872.0,0.21872,0.07133106118999638,0.9286689388100036,2.714673913043478,0.0001272367655613729,9.188929912355988e-05,3.066265892461919,"('-1', 'ttm')",,2021-ttm,1142,,,79.81334149326806,"-1,ttm"
560,560,1567900,9/29/2021,1472.0,1567900_0.csv,107681.0,490.66666666666674,5888.0,0.05468002711713301,-0.00547177739390261,1.0054717773939026,0.005464480874316979,4.046485097141758e-05,0.0001048909020066238,-9.993101542848736,"('Q3', '2021')",https://www.sec.gov/Archives/edgar/data/1567900/000143774921026767/Financial_Report.xlsx,2021-09,286.057,0.4881518771331058,0.006342608429490011,76.96389940508381,"Q3,2021"
561,561,1567900,6/29/2021,1464.0,1567900_0.csv,107095.0,488.0,5856.0,0.05468042392268547,0.017450021560226427,0.9825499784397737,-0.017449664429530238,4.0244933303094655e-05,0.00010432008571985194,3.1335447772349885,"('Q2', '2021')",https://www.sec.gov/Archives/edgar/data/1567900/000143774921020157/Financial_Report.xlsx,2021-06,347.188,-0.1825383806519453,-0.002364196204915605,77.20948890469157,"Q2,2021"
562,562,1567900,3/30/2021,1490.0,1567900_0.csv,108997.0,496.66666666666674,5960.0,0.05468040404781783,-0.4285695562137933,1.4285695562137932,0.42857142857142855,4.095966572514415e-05,0.00010617280342879407,-0.12758816685649116,"('Q1', '2021')",https://www.sec.gov/Archives/edgar/data/1567900/000143774921012445/Financial_Report.xlsx,2021-03,207.312,0.006340010397871495,8.074833343062944e-05,78.51568111084511,"Q1,2021"
563,563,1567900,12/30/2020,1043.0,1567900_0.csv,76298.0,347.66666666666674,4172.0,0.05468033238092741,,,,3.4569046948279005e-05,7.809416581371545e-05,,"('Q4', '2020')",https://www.sec.gov/Archives/edgar/data/1567900/000143774921007800/Financial_Report.xlsx,2020-12,301.071,,,74.27831752467888,"Q4,2020"
564,564,1568100,ttm,262171.0,1568100_0.csv,11000.0,87390.33333333331,1048684.0,95.3349090909091,0.08660632732707797,0.913393672672922,2.653442028985507,0.006100546829552065,1.0107822903591584e-05,1100.7845735204394,"('-1', 'ttm')",,2021-ttm,152108,,,75.97976807395351,"-1,ttm"
565,565,1568100,10/30/2021,71760.0,1568100_0.csv,12043.0,23920.0,287040.0,23.83459270945777,-0.0625551438150697,1.0625551438150698,0.06254442075337598,0.0019726614848566072,1.1730956555620496e-05,-381.01731138081016,"('Q3', '2021')",https://www.sec.gov/Archives/edgar/data/1568100/000156810021000047/Financial_Report.xlsx,2021-09,40176,56.66572637517631,0.7635538386568176,74.21313796923356,"Q3,2021"
566,566,1568100,7/30/2021,67536.0,1568100_0.csv,11334.0,22512.0,270144.0,23.83483324510323,-0.06203148425787106,1.0620314842578709,0.06203708071896966,0.001856544955982104,1.1040327293980127e-05,-384.2376743077669,"('Q2', '2021')",https://www.sec.gov/Archives/edgar/data/1568100/000156810021000037/Financial_Report.xlsx,2021-06,40814,61.65256797583081,0.8283946222763011,74.42415283481564,"Q2,2021"
567,567,1568100,4/29/2021,63591.0,1568100_0.csv,10672.0,21197.0,254364.0,23.83470764617692,-0.07267062016283042,1.0726706201628304,0.07265029350246277,0.0017480980557903634,1.03954802259887e-05,-327.9827197397152,"('Q1', '2021')",https://www.sec.gov/Archives/edgar/data/1568100/000156810021000029/Financial_Report.xlsx,2021-03,37234,51.49930843706778,0.7124201503948159,72.2878324097478,"Q1,2021"
568,568,1568100,1/30/2021,59284.0,1568100_0.csv,9949.0,19761.33333333333,237136.0,23.83515931249372,,,,0.0016296998811070106,9.691213715176313e-06,,"('Q4', '2020')",https://www.sec.gov/Archives/edgar/data/1568100/000156810021000011/Financial_Report.xlsx,2020-12,33884,,,69.71234638549097,"Q4,2020"
569,569,1576169,ttm,263097.0,1576169_0.csv,20000000.0,87699.0,1052388.0,0.0526194,0.12422439122647995,0.87577560877352,2.50310236472092,0.006122094240837696,0.01837785982471197,0.4235834805104163,"('-1', 'ttm')",,2021-ttm,46385,,,84.66297308256371,"-1,ttm"
570,570,1576169,12/30/2021,75104.0,1576169_0.csv,22836900.0,25034.66666666667,300416.0,0.013154850264265293,-0.21084705689229866,1.2108470568922989,0.21084706413439536,0.002064587070215588,0.022245178258328464,-0.06239048558778236,"('Q4', '2021')",,2021-12,11904,0.002993487956642707,3.577503255481053e-05,83.67533843767764,"Q4,2021"
571,571,1576169,9/29/2021,62026.0,1576169_0.csv,18860268.0,20675.33333333333,248104.0,0.013154850185585909,-0.018422438540618143,1.0184224385406182,0.018422435308025748,0.001705076661924692,0.01837158386908241,-0.7140667157923662,"('Q3', '2021')",https://www.sec.gov/Archives/edgar/data/1576169/000156459021054582/Financial_Report.xlsx,2021-09,12669,0.037134306659202095,0.00044557202620191746,83.34074958820268,"Q3,2021"
572,572,1576169,6/29/2021,60904.0,1576169_0.csv,18519101.0,20301.33333333333,243616.0,0.013154850227340949,0.06392263056171059,0.9360773694382896,-0.06392265957610327,0.0016742332089424022,0.018039256769920124,0.2057933178241362,"('Q2', '2021')",https://www.sec.gov/Archives/edgar/data/1576169/000156459021041019/Financial_Report.xlsx,2021-06,10921,-0.008635741103312595,-0.00010164045987103528,84.96361699140188,"Q2,2021"
573,573,1576169,3/30/2021,65063.0,1576169_0.csv,19783729.0,21687.666666666668,260252.0,0.013154850635085024,0.14649089879095914,0.8535091012090409,-0.14649088285451914,0.0017885629067617812,0.01927111728034288,0.08979978103524948,"('Q1', '2021')",https://www.sec.gov/Archives/edgar/data/1576169/000156459021024356/Financial_Report.xlsx,2021-03,10891,-0.003207429479843348,-3.700565389655186e-05,86.67403875120317,"Q1,2021"
574,574,1576169,12/30/2020,76230.0,1576169_0.csv,23179283.0,25410.0,304920.0,0.013154850389462005,,,,0.002526556518568848,0.02372495701125896,,"('Q4', '2020')",https://www.sec.gov/Archives/edgar/data/1576169/000156459021011839/Financial_Report.xlsx,2020-12,12347,,,85.05071351953183,"Q4,2020"
575,575,1576914,ttm,141530.0,1576914_0.csv,750000.0,47176.66666666666,566120.0,0.7548266666666666,0.02293370018916004,0.9770662998108399,2.908264987711595,0.0032933100639906928,0.000689169743426699,32.913426984776194,"('-1', 'ttm')",,2021-ttm,14680,,,65.7504123144585,"-1,ttm"
576,576,1576914,12/30/2021,36213.0,1576914_0.csv,767604.0,12071.0,144852.0,0.1887066768802664,-0.003854015591304336,1.0038540155913045,0.00385319066363591,0.000995484815372245,0.0007477147866744594,-48.96365165362533,"('Q4', '2021')",,2021-12,4027,1.3664743807261621,0.02139339526693191,63.87365650361922,"Q4,2021"
577,577,1576914,9/29/2021,36074.0,1576914_0.csv,764657.0,12024.666666666664,144296.0,0.18870683195210405,-0.03369743014343071,1.0336974301434307,0.03369820620092842,0.0009916637458851343,0.0007448441457237482,-5.60003629798732,"('Q3', '2021')",https://www.sec.gov/Archives/edgar/data/1576914/000162828021021908/Financial_Report.xlsx,2021-09,3872,0.15533357403618567,0.002382787755103744,65.18984903438142,"Q3,2021"
578,578,1576914,6/29/2021,34898.0,1576914_0.csv,739730.0,11632.666666666664,139592.0,0.1887066902788856,-0.016101471412402063,1.016101471412402,0.016101324792546116,0.0009593358486416648,0.0007205630235729593,-11.71984133906764,"('Q2', '2021')",https://www.sec.gov/Archives/edgar/data/1576914/000162828021015706/Financial_Report.xlsx,2021-06,3512,0.2996075754990616,0.004628148091336183,64.73595260703132,"Q2,2021"
579,579,1576914,3/30/2021,34345.0,1576914_0.csv,728008.0,11448.333333333336,137380.0,0.1887067175085988,-0.007067377323803187,1.0070673773238032,0.007066619751348869,0.0009441340398188428,0.0007091447496590687,-26.701095592141037,"('Q1', '2021')",,2021-03,3269,0.639851242904678,0.009247962222078044,69.18834955630922,"Q1,2021"
580,580,1576914,12/30/2020,34104.0,1576914_0.csv,722899.0,11368.0,136416.0,0.18870685946446186,,,,0.001130338233100774,0.0007399170931422723,,"('Q4', '2020')",https://www.sec.gov/Archives/edgar/data/1576914/000162828021012152/Financial_Report.xlsx,2020-12,2882,,,63.40985040559287,"Q4,2020"
581,581,1580808,ttm,250042.0,1580808_0.csv,6329996.0,83347.33333333331,1000168.0,0.1580045232256071,-2.1738832862598847,3.1738832862598847,2.5381132289057744,0.005818312972658522,0.005816588958949375,-0.07268307559300949,"('-1', 'ttm')",,2021-ttm,85651,,,48.020116769755475,"-1,ttm"
582,582,1580808,12/30/2021,70671.0,1580808_0.csv,1994401.0,23557.0,282684.0,0.14173879776434128,-0.08125745451391148,1.0812574545139115,0.08125764993880043,0.001942725192256149,0.0019427245275667245,-1.7443174735442304,"('Q4', '2021')",,2021-12,25456,0.16984140751662985,0.0035865446161756406,47.3551637279597,"Q4,2021"
583,583,1580808,9/29/2021,65360.0,1580808_0.csv,1844520.0,21786.666666666668,261440.0,0.14173877214668315,-0.10465116279069768,1.1046511627906976,0.10465116279069768,0.0017967273501982696,0.001796727060198714,-1.3543927116238612,"('Q3', '2021')",https://www.sec.gov/Archives/edgar/data/1580808/000158080821000177/Financial_Report.xlsx,2021-09,21354,0.12220162065650322,0.002520802301399973,48.47727272727273,"Q3,2021"
584,584,1580808,6/29/2021,59168.0,1580808_0.csv,1669776.0,19722.666666666668,236672.0,0.14173877214668315,-0.07886180962964877,1.0788618096296487,0.07886147730795186,0.0016265110749163279,0.001626510812390415,-1.797305600927971,"('Q2', '2021')",https://www.sec.gov/Archives/edgar/data/1580808/000158080821000114/Financial_Report.xlsx,2021-06,19749,0.1618027790522383,0.003419182468805096,47.32206617472031,"Q2,2021"
585,585,1580808,3/30/2021,54843.0,1580808_0.csv,1547720.0,18281.0,219372.0,0.14173881580647665,0.23715021100457104,0.7628497889954291,-0.12468278668901125,0.0015076180854792487,0.001507617377751802,0.5976752675279915,"('Q1', '2021')",https://www.sec.gov/Archives/edgar/data/1580808/000158080821000077/Financial_Report.xlsx,2021-03,19092,-0.03968026337120128,-0.0008114033081240448,48.90325559916878,"Q1,2021"
586,586,1580808,12/30/2020,62655.0,1580808_0.csv,2028866.0,20885.0,250620.0,0.12352713289098442,,,,0.002076628606466367,0.002076628454452405,,"('Q4', '2020')",https://www.sec.gov/Archives/edgar/data/1580808/000158080821000043/Financial_Report.xlsx,2020-12,20079,,,48.880137829190254,"Q4,2020"
587,587,1585521,ttm,4099864.0,1585521_0.csv,504900.0,1366621.333333333,16399456.0,32.48060209942563,0.04331695597060033,0.9566830440293996,2.8267274980959067,0.09540114019778942,0.0004639490712748538,749.8357484184844,"('-1', 'ttm')",,2021-ttm,1135959,,,74.8323634008147,"-1,ttm"
588,588,1585521,1/30/2022,1071376.0,1585521_0.csv,527761.0,357125.33333333326,4285504.0,8.120160451416455,-0.019623109558658744,1.0196231095586588,0.01962396598258772,0.024930215241419428,0.0004849558839474908,-413.80599884758914,"('Q4', '2021')",,2021-12,325415,32.03849561878508,0.4234987545078009,75.65192406768914,"Q4,2021"
589,589,1585521,10/30/2021,1050756.0,1585521_0.csv,517604.0,350252.0,4203024.0,8.12015363096112,-0.02864524334744331,1.0286452433474431,0.028645269923005062,0.028884976187039973,0.0005041924800311708,-283.47301967277133,"('Q3', '2021')",https://www.sec.gov/Archives/edgar/data/1585521/000158552121000295/Financial_Report.xlsx,2021-09,293698,20.375884556681005,0.2730419008053833,74.62548603924485,"Q3,2021"
590,590,1585521,7/30/2021,1021495.0,1585521_0.csv,503190.0,340498.33333333326,4085980.0,8.120153421172919,-0.06824642336262295,1.0682464233626228,0.06824458790027982,0.02808059982544035,0.0004901519579193454,-118.98284219272574,"('Q2', '2021')",https://www.sec.gov/Archives/edgar/data/1585521/000158552121000048/Financial_Report.xlsx,2021-06,271179,8.435592745823872,0.11575243711857555,72.87615669968609,"Q2,2021"
591,591,1585521,4/29/2021,956237.0,1585521_0.csv,471043.0,318745.66666666674,3824948.0,8.12016737325467,-0.08357237993802807,1.083572379938028,0.08357309189391321,0.0262866764255132,0.00045883791155269815,-97.16328982465342,"('Q1', '2021')",https://www.sec.gov/Archives/edgar/data/1585521/000158552121000131/Financial_Report.xlsx,2021-03,245667,6.7620974401321225,0.08869070514024269,76.2435863988173,"Q1,2021"
592,592,1585521,1/30/2021,882485.0,1585521_0.csv,434713.0,294161.66666666674,3529940.0,8.120162037942274,,,,0.024259255441244184,0.0004234492499512956,,"('Q4', '2020')",,2020-12,214018,,,76.57439746621255,"Q4,2020"
593,593,1590955,ttm,1055524.0,1590955_0.csv,17000.0,351841.33333333326,4222096.0,248.35858823529406,0.07402363963178822,0.9259763603682116,2.7037749222768843,0.02456134962187318,1.5621180851005177e-05,3355.1253284854783,"('-1', 'ttm')",,2021-ttm,275994,,,80.8082910541607,"-1,ttm"
594,594,1590955,12/30/2021,284986.0,1590955_0.csv,18359.0,94995.33333333331,1139944.0,62.09183506726946,-0.11239699466795927,1.1123969946679593,0.11238358431501122,0.007834182078084517,1.7883304110656533e-05,-552.4332323181752,"('Q4', '2021')",,2021-12,75509,40.70566037735849,0.45924398841105996,88.63624000435185,"Q4,2021"
595,595,1590955,9/29/2021,256194.0,1590955_0.csv,16504.0,85398.0,1024776.0,62.092583616093066,-0.058016539521764214,1.0580165395217642,0.058014586241358586,0.0070426983897903216,1.6076368595363338e-05,-1070.256587654625,"('Q3', '2021')",https://www.sec.gov/Archives/edgar/data/1590955/000156459021054471/Financial_Report.xlsx,2021-09,69745,77.06629834254144,1.0363488982906606,74.3632752151843,"Q3,2021"
596,596,1590955,6/29/2021,242146.0,1590955_0.csv,15599.0,80715.33333333331,968584.0,62.09269824988781,0.11040775591673796,0.8895922440832621,-0.1104049258260532,0.006656522964215272,1.5194817845314633e-05,562.3943511424498,"('Q2', '2021')",https://www.sec.gov/Archives/edgar/data/1590955/000156459021041585/Financial_Report.xlsx,2021-06,67979,-35.113119834710744,-0.482563563181005,72.76371967093617,"Q2,2021"
597,597,1590955,3/30/2021,272198.0,1590955_0.csv,17535.0,90732.66666666669,1088792.0,62.092500712859994,-0.2319095124350148,1.2319095124350148,0.2319606059371705,0.007482643685270326,1.7080654587960258e-05,-267.7445183722657,"('Q1', '2021')",https://www.sec.gov/Archives/edgar/data/1590955/000156459021024960/Financial_Report.xlsx,2021-03,62761,19.01272341714632,0.2581931227113212,73.63760590325225,"Q1,2021"
598,598,1590955,12/30/2020,220947.0,1590955_0.csv,14234.0,73649.0,883788.0,62.08992553042011,,,,0.007323036640538256,1.4569089048106448e-05,,"('Q4', '2020')",https://www.sec.gov/Archives/edgar/data/1590955/000156459021006660/Financial_Report.xlsx,2020-12,62488,,,75.63919609941729,"Q4,2020"
599,599,1591698,ttm,731238.0,1591698_0.csv,18511824.0,243746.0,2924952.0,0.1580045272686257,-2.3461068150642035,3.3461068150642035,2.7301019705463765,0.01701542757417103,0.017010385328586945,-0.06734754200196197,"('-1', 'ttm')",,2021-ttm,188463,,,79.40773866832241,"-1,ttm"
600,600,1591698,12/30/2021,196037.0,1591698_0.csv,5532347.0,65345.66666666666,784148.0,0.14173875933667934,-0.07892256485854461,1.0789225648585443,0.0789226019141758,0.005388999993127573,0.0053889996103643105,-1.7959218582254919,"('Q4', '2021')",,2021-12,52219,0.12903520736962795,0.0016001222560416105,80.64084283711911,"Q4,2021"
601,601,1591698,9/29/2021,181697.0,1591698_0.csv,5127659.0,60565.66666666666,726788.0,0.14173875446865716,-0.08507576672959312,1.0850757667295932,0.08507563406608495,0.004994797572658736,0.0049947973894408715,-1.6660297040773435,"('Q3', '2021')",https://www.sec.gov/Archives/edgar/data/1591698/000155837021014749/Financial_Report.xlsx,2021-09,49885,0.1240809280760927,0.001580993791133378,78.4828686690426,"Q3,2021"
602,602,1591698,6/29/2021,167451.0,1591698_0.csv,4725623.0,55817.0,669804.0,0.14173877179791955,0.09998230674691926,0.9000176932530808,-0.09998226311857372,0.004603179184792693,0.004603178453146308,1.4176385443546184,"('Q2', '2021')",https://www.sec.gov/Archives/edgar/data/1591698/000155837021010711/Financial_Report.xlsx,2021-06,46304,-0.0882038074846752,-0.0011038719177841293,79.90402334152334,"Q2,2021"
603,603,1591698,3/30/2021,186053.0,1591698_0.csv,5250589.0,62017.66666666666,744212.0,0.14173876492713486,-0.1081028263160305,1.1081028263160304,0.27147045356696203,0.005114542743060567,0.005114542178063511,-1.3111476337609544,"('Q1', '2021')",https://www.sec.gov/Archives/edgar/data/1591698/000155837021006389/Financial_Report.xlsx,2021-03,40055,0.07819729418425317,0.0009976370910636694,78.38250490554645,"Q1,2021"
604,604,1591698,12/30/2020,146329.0,1591698_0.csv,4738359.0,48776.33333333334,585316.0,0.12352715359895695,,,,0.004849908025785925,0.004849906857727738,,"('Q4', '2020')",https://www.sec.gov/Archives/edgar/data/1591698/000155837021000761/Financial_Report.xlsx,2020-12,37775,,,79.51567922120665,"Q4,2020"
605,605,1609702,ttm,1729900.0,1609702_0.csv,30000.0,576633.3333333335,6919600.0,230.6533333333333,0.009672201498696069,0.990327798501304,2.961300664071446,0.040253635834787665,2.7566789737067964e-05,23847.03558589306,"('-1', 'ttm')",,2021-ttm,0,,,23.54593207704176,"-1,ttm"
606,606,1609702,12/30/2021,436700.0,1609702_0.csv,30293.0,145566.66666666663,1746800.0,57.663486614069264,0.007470266373972019,0.992529733626028,-0.0075000000000000015,0.012004755719577485,2.950808494058056e-05,7719.066995386,"('Q4', '2021')",,2021-12,0,-0.0,-0.0,25.894964594807238,"Q4,2021"
607,607,1609702,9/29/2021,440000.0,1609702_0.csv,30521.0,146666.66666666663,1760000.0,57.66521411487173,-0.0473559589581689,1.0473559589581691,0.04736967388716958,0.012095471757760688,2.9730177284239235e-05,-1217.697104725708,"('Q3', '2021')",https://www.sec.gov/Archives/edgar/data/1609702/000160970221000078/Financial_Report.xlsx,2021-09,0,0.0,0.0,27.4500577490696,"Q3,2021"
608,608,1609702,6/29/2021,420100.0,1609702_0.csv,29141.0,140033.33333333337,1680400.0,57.66445900964277,0.030023632792996708,0.9699763672070032,-0.03001616254906475,0.01154842655780742,2.838593415156829e-05,1920.63563417594,"('Q2', '2021')",https://www.sec.gov/Archives/edgar/data/1609702/000160970221000058/Financial_Report.xlsx,2021-06,0,-0.0,-0.0,25.58640497845859,"Q2,2021"
609,609,1609702,3/30/2021,433100.0,1609702_0.csv,30043.0,144366.66666666663,1732400.0,57.66401491195953,-0.06595940959409594,1.0659594095940959,0.06596111247846402,0.011905792768832168,2.926456263393727e-05,-874.2348554484494,"('Q1', '2021')",https://www.sec.gov/Archives/edgar/data/1609702/000160970221000038/Financial_Report.xlsx,2021-03,0,0.0,0.0,11.179110567115462,"Q1,2021"
610,610,1609702,12/30/2020,406300.0,1609702_0.csv,28184.0,135433.33333333337,1625200.0,57.66392279307409,,,,0.013466350695192484,2.88474923234391e-05,,"('Q4', '2020')",https://www.sec.gov/Archives/edgar/data/1609702/000160970221000005/Financial_Report.xlsx,2020-12,0,,,77.94955766300517,"Q4,2020"
611,611,1614178,ttm,390577.0,1614178_0.csv,2500.0,130192.33333333331,1562308.0,624.9232,0.032507739938080496,0.9674922600619196,2.869704355407601,0.00908847004072135,2.297232478088997e-06,19223.82796190476,"('-1', 'ttm')",,2021-ttm,230467,,,74.35782855910135,"-1,ttm"
612,612,1614178,1/30/2022,100932.0,1614178_0.csv,2584.0,33644.0,403728.0,156.24148606811144,-0.0141287284144427,1.014128728414443,0.014096394015814412,0.002348621291448517,2.374419489352787e-06,-11058.425180598551,"('Q4', '2021')",,2021-12,58175,1615.9722222222226,20.434903202603227,79.07902504849456,"Q4,2021"
613,613,1614178,10/30/2021,99529.0,1614178_0.csv,2548.0,33176.333333333336,398116.0,156.24646781789642,-0.014331210191082803,1.0143312101910829,0.014318617259793803,0.0027360232013140078,2.4819793493083967e-06,-10902.53130995988,"('Q3', '2021')",https://www.sec.gov/Archives/edgar/data/1614178/000161417821000251/Financial_Report.xlsx,2021-09,58548,1626.333333333333,20.52937974314069,79.21979882888212,"Q3,2021"
614,614,1614178,7/30/2021,98124.0,1614178_0.csv,2512.0,32708.0,392496.0,156.24840764331208,-0.06666666666666668,1.0666666666666669,0.06665797025828332,0.002697400160814795,2.446912137151763e-06,-2343.726114649681,"('Q2', '2021')",https://www.sec.gov/Archives/edgar/data/1614178/000161417821000211/Financial_Report.xlsx,2021-06,58578,373.10828025477707,4.65363067540441,80.17573939134162,"Q2,2021"
615,615,1614178,4/29/2021,91992.0,1614178_0.csv,2355.0,30664.0,367968.0,156.24968152866242,0.00211864406779661,0.9978813559322034,-0.0021910319543570773,0.0025288332680452755,2.2939801285797783e-06,73749.84968152866,"('Q1', '2021')",https://www.sec.gov/Archives/edgar/data/1614178/000161417821000112/Financial_Report.xlsx,2021-03,55166,-11033.2,-144.56383745862058,76.3206082099066,"Q1,2021"
616,616,1614178,1/30/2021,92194.0,1614178_0.csv,2360.0,30731.33333333333,368776.0,156.2610169491526,,,,0.002534386189170429,2.298850574712644e-06,,"('Q4', '2020')",https://www.sec.gov/Archives/edgar/data/1614178/000161417821000065/Financial_Report.xlsx,2020-12,57202,,,73.74850212095116,"Q4,2020"
617,617,1615165,ttm,115305.0,1615165_0.csv,1500.0,38435.0,461220.0,307.48,0.4771697455559428,0.5228302544440572,1.090790404177773,0.002683071553228621,1.3783394868533979e-06,644.3828487947408,"('-1', 'ttm')",,2021-ttm,28935,,,76.26847399628308,"-1,ttm"
618,618,1615165,12/30/2021,55149.0,1615165_0.csv,2869.0,18383.0,220596.0,76.88950853956081,-1.435483870967742,2.435483870967741,1.4342970646656366,0.0015160299362926006,2.794661991038379e-06,-53.5634778590199,"('Q4', '2021')",,2021-12,11349,6.711413364872858,0.09354706199047436,71.74371083461992,"Q4,2021"
619,619,1615165,9/29/2021,22655.0,1615165_0.csv,1178.0,7551.666666666668,90620.0,76.92699490662139,-0.17917917917917914,1.1791791791791792,0.1795792981359992,0.0006227793469819736,1.1474771089031756e-06,-429.3299883336022,"('Q3', '2021')",https://www.sec.gov/Archives/edgar/data/1615165/000156459021056915/Financial_Report.xlsx,2021-09,5906,32.994413407821234,0.4514881238669577,73.07924984875983,"Q3,2021"
620,620,1615165,6/29/2021,19206.0,1615165_0.csv,999.0,6402.0,76824.0,76.90090090090091,-0.050473186119873815,1.0504731861198735,0.049795025963378016,0.000527967342226254,9.73115137346581e-07,-1523.599099099099,"('Q2', '2021')",https://www.sec.gov/Archives/edgar/data/1615165/000156459021041111/Financial_Report.xlsx,2021-06,5253,109.4375,1.4956282561886405,73.17159163526587,"Q2,2021"
621,621,1615165,3/30/2021,18295.0,1615165_0.csv,951.0,6098.333333333332,73180.0,76.95057833859096,-0.08685714285714285,1.0868571428571427,0.08782257105482216,0.0005029242177459814,9.263588544710695e-07,-885.9441585035144,"('Q1', '2021')",https://www.sec.gov/Archives/edgar/data/1615165/000156459021024339/Financial_Report.xlsx,2021-03,6427,84.5657894736842,1.1592334553702892,72.94974888959851,"Q1,2021"
622,622,1615165,12/30/2020,16818.0,1615165_0.csv,875.0,5606.0,67272.0,76.88228571428571,,,,0.0005574134530931509,8.95598771750256e-07,,"('Q4', '2020')",https://www.sec.gov/Archives/edgar/data/1615165/000156459021011303/Financial_Report.xlsx,2020-12,4761,,,62.40278448685217,"Q4,2020"
623,623,1618732,ttm,1526826.0,1618732_0.csv,19000.0,508942.0,6107304.0,321.43705263157887,0.07592043188560868,0.9240795681143912,2.6961903355516235,0.03552823734729494,1.7458966833476375e-05,4233.867545905121,"('-1', 'ttm')",,2021-ttm,1025813,,,65.0367143162382,"-1,ttm"
624,624,1618732,1/30/2022,413081.0,1618732_0.csv,20561.0,137693.66666666663,1652324.0,80.36204464763388,-0.0912902712170267,1.0912902712170267,0.09131426065407892,0.009612123327515995,1.8893358792795144e-05,-880.2914437244591,"('Q4', '2021')",,2021-12,241633,140.48430232558138,2.1990456836521384,63.88421276099522,"Q4,2021"
625,625,1618732,10/30/2021,378517.0,1618732_0.csv,18841.0,126172.33333333331,1514068.0,80.36027811687278,0.03121143562320033,0.9687885643767996,-0.031232084357084394,0.010405322007573414,1.83528151178648e-05,2574.706241873051,"('Q3', '2021')",https://www.sec.gov/Archives/edgar/data/1618732/000095017021005015/Financial_Report.xlsx,2021-09,250033,-411.91598023064245,-6.7512482756083285,61.01330649012851,"Q3,2021"
626,626,1618732,7/30/2021,390720.0,1618732_0.csv,19448.0,130240.0,1562880.0,80.36199095022623,-0.13412642873804526,1.1341264287380453,0.13413912013654256,0.010740778920891493,1.89440872783947e-05,-599.1510525280346,"('Q2', '2021')",https://www.sec.gov/Archives/edgar/data/1618732/000095017021001852/Financial_Report.xlsx,2021-06,270789,117.73434782608696,2.048449508866964,57.474859554243075,"Q2,2021"
627,627,1618732,4/29/2021,344508.0,1618732_0.csv,17148.0,114836.0,1378032.0,80.36109167249825,0.005394118670610753,0.9946058813293892,-0.0054102118470359725,0.009470424509824134,1.6703682057276447e-05,14897.909478769272,"('Q1', '2021')",https://www.sec.gov/Archives/edgar/data/1618732/000095017021000299/Financial_Report.xlsx,2021-03,263358,-2831.8064516129034,-50.14457059774935,56.47284277951329,"Q1,2021"
628,628,1618732,1/30/2021,346382.0,1618732_0.csv,17241.0,115460.66666666669,1385528.0,80.3623919726234,,,,0.009521940223628778,1.679427235534775e-05,,"('Q4', '2020')",https://www.sec.gov/Archives/edgar/data/1618732/000156459021010978/Financial_Report.xlsx,2020-12,261071,,,67.6580278781621,"Q4,2020"
629,629,1624512,ttm,173049.0,1624512_0.csv,4380861.0,57683.0,692196.0,0.1580045566385238,-1.5444943433881124,2.5444943433881124,1.8364968528717545,0.00402673647469459,0.004025542468477376,-0.10230180337981283,"('-1', 'ttm')",,2021-ttm,0,,,66.06809944965623,"-1,ttm"
630,630,1624512,9/29/2021,61008.0,1624512_0.csv,1721702.0,20336.0,244032.0,0.14173881426634807,-0.3048722906139797,1.3048722906139796,0.30487231039055485,0.0016770921386306,0.0016770913695694526,-0.4649120914888706,"('Q3', '2021')",https://www.sec.gov/Archives/edgar/data/1624512/000149315221027853/Financial_Report.xlsx,2021-09,0,0.0,0.0,67.13106295149639,"Q3,2021"
631,631,1624512,6/29/2021,46754.0,1624512_0.csv,1319441.0,15584.666666666664,187016.0,0.14173881211816214,-0.39881537991807103,1.3988153799180711,0.3988152225945427,0.0012852538330962347,0.001285253263198909,-0.3553995639468059,"('Q2', '2021')",https://www.sec.gov/Archives/edgar/data/1624512/000149315221019511/Financial_Report.xlsx,2021-06,0,0.0,0.0,66.38738294726465,"Q2,2021"
632,632,1624512,3/30/2021,33424.0,1624512_0.csv,943256.0,11141.333333333336,133696.0,0.14173882805940274,0.08579115755112801,0.914208842448872,0.048990992687443176,0.0009188160182531664,0.0009188155075004873,1.652137960429456,"('Q1', '2021')",https://www.sec.gov/Archives/edgar/data/1624512/000149315221011283/Financial_Report.xlsx,2021-03,0,-0.0,-0.0,71.60589461258968,"Q1,2021"
633,633,1624512,12/30/2020,31863.0,1624512_0.csv,1031773.0,10621.0,127452.0,0.1235271711897869,,,,0.0010560628407603196,0.0010560624360286591,,"('Q4', '2020')",https://www.sec.gov/Archives/edgar/data/1624512/000149315221007447/Financial_Report.xlsx,2020-12,0,,,73.4968237553553,"Q4,2020"
634,634,1626450,ttm,219855.0,1626450_0.csv,60000.0,73285.0,879420.0,14.657,0.1530567593128467,0.8469432406871533,2.3877529007504203,0.005115881326352529,5.513357947413593e-05,95.76186027852071,"('-1', 'ttm')",,2021-ttm,99350,,,69.51202160281372,"-1,ttm"
635,635,1626450,12/30/2021,64897.0,1626450_0.csv,70843.0,21632.33333333333,259588.0,3.664271699391613,-0.09465828144073428,1.0946582814407342,0.09466138146242713,0.0017839996151440805,6.900740307812196e-05,-38.710524252289744,"('Q4', '2021')",,2021-12,30284,4.943519425399935,0.0718538399517123,68.79965536597783,"Q4,2021"
636,636,1626450,9/29/2021,59285.0,1626450_0.csv,64717.0,19761.666666666668,237140.0,3.664261322372792,-0.20959572360428388,1.2095957236042838,0.20957705098647308,0.0016297273708155509,6.304013247613482e-05,-17.482519487329366,"('Q3', '2021')",https://www.sec.gov/Archives/edgar/data/1626450/000156459021056559/Financial_Report.xlsx,2021-09,26101,2.327537007312288,0.03386723474620023,68.72533363750428,"Q3,2021"
637,637,1626450,6/29/2021,49013.0,1626450_0.csv,53503.0,16337.666666666664,196052.0,3.66431788871652,-0.050417198390105035,1.050417198390105,0.05042863266180875,0.0013473530846889194,5.211669588934346e-05,-72.67991887140809,"('Q2', '2021')",https://www.sec.gov/Archives/edgar/data/1626450/000156459021042140/Financial_Report.xlsx,2021-06,22157,8.628115264797508,0.12697045467893756,67.95372424722662,"Q2,2021"
638,638,1626450,3/30/2021,46660.0,1626450_0.csv,50935.0,15553.333333333336,186640.0,3.6642780013743006,-0.08151435366060812,1.0815143536606082,0.08151959761722648,0.0012826698004934404,4.96152347555036e-05,-44.95254929740142,"('Q1', '2021')",https://www.sec.gov/Archives/edgar/data/1626450/000156459021026757/Financial_Report.xlsx,2021-03,20809,5.420421984891899,0.0735902403541578,73.65680501661316,"Q1,2021"
639,639,1626450,12/30/2020,43143.0,1626450_0.csv,47096.0,14381.0,172572.0,3.664260234414812,,,,0.001429925592032216,4.820470829068578e-05,,"('Q4', '2020')",https://www.sec.gov/Archives/edgar/data/1626450/000156459021009501/Financial_Report.xlsx,2020-12,20577,,,73.95416205163157,"Q4,2020"
640,640,1627857,ttm,438954.0,1627857_0.csv,1300.0,146318.0,1755816.0,1350.6276923076925,0.19053549190535493,0.8094645080946451,2.237219387002567,0.010214171029668413,1.194560888606278e-06,7088.5884766214185,"('-1', 'ttm')",,2021-ttm,235564,,,80.33818121338679,"-1,ttm"
641,641,1627857,12/30/2021,135596.0,1627857_0.csv,1606.0,45198.66666666666,542384.0,337.7235367372353,-0.2315950920245399,1.23159509202454,0.2314594496412677,0.0037274945192393603,1.5643872978764855e-06,-1458.2499731965397,"('Q4', '2021')",,2021-12,67370,223.0794701986755,2.812852760155203,79.30719778818667,"Q4,2021"
642,642,1627857,9/29/2021,110110.0,1627857_0.csv,1304.0,36703.333333333336,440440.0,337.76073619631904,-0.07413509060955517,1.0741350906095553,0.07439064847881667,0.0030268918073796127,1.270212351451393e-06,-4556.017041581459,"('Q3', '2021')",https://www.sec.gov/Archives/edgar/data/1627857/000162785721000102/Financial_Report.xlsx,2021-09,58624,651.3777777777777,8.093282215173364,80.48375930306352,"Q3,2021"
643,643,1627857,6/29/2021,102486.0,1627857_0.csv,1214.0,34162.0,409944.0,337.68039538714993,-0.12930232558139534,1.1293023255813954,0.12917300191710188,0.002817310269467868,1.182544321059809e-06,-2611.557014684793,"('Q2', '2021')",https://www.sec.gov/Archives/edgar/data/1627857/000162785721000048/Financial_Report.xlsx,2021-06,58408,420.2014388489209,5.27139657752004,79.71349388525937,"Q2,2021"
644,644,1627857,3/30/2021,90762.0,1627857_0.csv,1075.0,30254.0,363048.0,337.71906976744185,0.12173202614379085,0.8782679738562091,-0.12172322698638488,0.0024950209265406265,1.0471459185661407e-06,2774.2828281567035,"('Q1', '2021')",https://www.sec.gov/Archives/edgar/data/1627857/000162828021009712/Financial_Report.xlsx,2021-03,51162,-343.36912751677846,-4.183244931530562,82.08200407503917,"Q1,2021"
645,645,1627857,12/30/2020,103341.0,1627857_0.csv,1224.0,34447.0,413364.0,337.71568627450984,,,,0.003425119732197604,1.2528147389969294e-06,,"('Q4', '2020')",https://www.sec.gov/Archives/edgar/data/1627857/000162828021003310/Financial_Report.xlsx,2020-12,49770,,,82.79415999051506,"Q4,2020"
646,646,1640147,ttm,1219327.0,1640147_0.csv,5900.0,406442.33333333326,4877308.0,826.6623728813562,0.20560118486602927,0.7943988151339707,2.1772006441290963,0.02837293775450844,5.421468648290032e-06,4020.708214400675,"('-1', 'ttm')",,2021-ttm,743965,,,52.58953168044077,"-1,ttm"
647,647,1640147,1/30/2022,383774.0,1640147_0.csv,7427.0,127924.66666666669,1535096.0,206.6912616130336,-0.14738143055770125,1.1473814305577013,0.1475088281640111,0.008930168702734147,6.824618245906791e-06,-1402.424042370195,"('Q4', '2021')",,2021-12,203287,213.08909853249475,4.058839972047519,52.5,"Q4,2021"
648,648,1640147,10/30/2021,334441.0,1640147_0.csv,6473.0,111480.33333333331,1337764.0,206.66831453730882,-0.2287395596051633,1.2287395596051631,0.2286681018964135,0.009193685613948278,6.3052795636080274e-06,-903.5092788236867,"('Q3', '2021')",https://www.sec.gov/Archives/edgar/data/1640147/000164014721000271/Financial_Report.xlsx,2021-09,190971,158.48215767634858,7.2942428981806575,21.72701949860724,"Q3,2021"
649,649,1640147,7/30/2021,272198.0,1640147_0.csv,5268.0,90732.66666666669,1088792.0,206.6803340926348,-0.18916478555304744,1.1891647855530474,0.18908411018985294,0.007482643685270326,5.131502045587376e-06,-1092.594128914525,"('Q2', '2021')",https://www.sec.gov/Archives/edgar/data/1640147/000164014721000212/Financial_Report.xlsx,2021-06,182903,218.2613365155132,3.765808804030761,57.95868772782503,"Q2,2021"
650,650,1640147,4/29/2021,228914.0,1640147_0.csv,4430.0,76304.66666666669,915656.0,206.69435665914227,-0.20184481823114486,1.201844818231145,0.2018691098102013,0.00629277914080916,4.315215273719074e-06,-1024.0260734483848,"('Q1', '2021')",https://www.sec.gov/Archives/edgar/data/1640147/000164014721000122/Financial_Report.xlsx,2021-03,166804,224.1989247311828,3.1906447821405286,70.26759167492567,"Q1,2021"
651,651,1640147,1/30/2021,190465.0,1640147_0.csv,3686.0,63488.33333333334,761860.0,206.69017905588714,,,,0.005235827337140658,3.5904928891486464e-06,,"('Q4', '2020')",https://www.sec.gov/Archives/edgar/data/1640147/000164014721000073/Financial_Report.xlsx,2020-12,154050,,,77.00972032341569,"Q4,2020"
652,652,1643269,ttm,242125.0,1643269_0.csv,6129571.0,80708.33333333331,968500.0,0.15800453245422885,-2.6111657046036454,3.6111657046036454,2.611164968903339,0.005634089586969168,0.00563241983118098,-0.06051110895630145,"('-1', 'ttm')",,2021-ttm,131311,,,75.74527860152958,"-1,ttm"
653,653,1643269,1/30/2022,67049.0,1643269_0.csv,1697394.0,22349.66666666667,268196.0,0.15800456464439014,0.030143147811986293,0.9698568521880138,0.08115647574819408,0.0015601861547411284,0.0015597234499653578,5.24180704782134,"('Q4', '2021')",,2021-12,36011,-0.6826082835750166,-0.008789349901685868,77.66311401985337,"Q4,2021"
654,654,1643269,10/30/2021,62016.0,1643269_0.csv,1750149.0,20672.0,248064.0,0.1417387890973854,-0.053958693154308096,1.0539586931543081,0.05395897418466709,0.0017048017648392882,0.0017048012857977788,-2.626801740584203,"('Q3', '2021')",https://www.sec.gov/Archives/edgar/data/1643269/000164326921000041/Financial_Report.xlsx,2021-09,33565,0.3746051941384583,0.004870201354017521,76.91780419498248,"Q3,2021"
655,655,1643269,7/30/2021,58841.0,1643269_0.csv,1660548.0,19613.666666666668,235364.0,0.14173875130378644,-0.08524746586846697,1.085247465868467,0.08524686917870128,0.0016175219402236288,0.0016175219170075981,-1.6626740731798764,"('Q2', '2021')",https://www.sec.gov/Archives/edgar/data/1643269/000164326921000033/Financial_Report.xlsx,2021-06,31457,0.24116438461184625,0.00309754260390155,77.85668042405116,"Q2,2021"
656,656,1643269,4/29/2021,54219.0,1643269_0.csv,1530110.0,18073.0,216876.0,0.14173882923449949,-0.0012367329311224824,1.0012367329311225,0.0012372580883438535,0.0014904645073500608,0.0014904636664718489,-114.60746751997185,"('Q1', '2021')",https://www.sec.gov/Archives/edgar/data/1643269/000164326921000014/Financial_Report.xlsx,2021-03,30278,16.02010582010582,0.2003559910153575,79.95820708389928,"Q1,2021"
657,657,1643269,1/30/2021,54152.0,1643269_0.csv,1528220.0,18050.666666666668,216608.0,0.14173875489131146,,,,0.0014886226968778564,0.0014886226378336255,,"('Q4', '2020')",https://www.sec.gov/Archives/edgar/data/1643269/000164326921000006/Financial_Report.xlsx,2020-12,28656,,,81.48264849761841,"Q4,2020"
658,658,1660134,ttm,1300201.0,1660134_0.csv,100000000.0,433400.33333333326,5200804.0,0.05200804,0.15133806405785158,0.8486619359421484,2.3946477292012056,0.03025482257126236,0.09188929912355986,0.3436547198074308,"('-1', 'ttm')",,2021-ttm,770326,,,83.1027962729842,"-1,ttm"
659,659,1660134,1/30/2022,383015.0,1660134_0.csv,117832550.0,127671.66666666669,1532060.0,0.01300201005579528,-0.09220657353237258,1.0922065735323725,0.092206570092392,0.008912507271669576,0.10827550433441824,-0.1410095783597298,"('Q4', '2021')",,2021-12,221577,0.02227420970872342,0.00027076333316144893,82.26449810854524,"Q4,2021"
660,660,1660134,10/30/2021,350680.0,1660134_0.csv,107884857.0,116893.33333333331,1402720.0,0.013002010096746015,-0.11150554777329502,1.111505547773295,0.1115055467511885,0.009640090990935268,0.10508947691408534,-0.11660415428997987,"('Q3', '2021')",https://www.sec.gov/Archives/edgar/data/1660134/000166013421000026/Financial_Report.xlsx,2021-09,203878,0.01883757669587437,0.00023014251454515488,81.85178967521172,"Q3,2021"
661,661,1660134,7/30/2021,315500.0,1660134_0.csv,97061915.0,105166.66666666669,1262000.0,0.013002010108702266,-0.2569420689472088,1.2569420689472088,0.2569420651299172,0.00867300304448522,0.09454696571205924,-0.05060288555306081,"('Q2', '2021')",https://www.sec.gov/Archives/edgar/data/1660134/000166013421000020/Financial_Report.xlsx,2021-06,198350,0.009996855035269972,0.00012978593843032812,77.02571754825736,"Q2,2021"
662,662,1660134,4/29/2021,251006.0,1660134_0.csv,77220675.0,83668.66666666669,1004024.0,0.01300201014818894,-0.06929368216909243,1.0692936821690924,0.0692936866320184,0.006900081781882908,0.07521982758620689,-0.18763630018189914,"('Q1', '2021')",https://www.sec.gov/Archives/edgar/data/1660134/000166013421000013/Financial_Report.xlsx,2021-03,146521,0.029279903536045787,0.0003491682524677079,83.85614479298542,"Q1,2021"
663,663,1660134,1/30/2021,234740.0,1660134_0.csv,72216526.0,78246.66666666669,938960.0,0.013002010093922269,,,,0.0064529341827653285,0.07034533995714007,,"('Q4', '2020')",https://www.sec.gov/Archives/edgar/data/1660134/000166013421000007/Financial_Report.xlsx,2020-12,115173,,,68.31447091157426,"Q4,2020"
664,664,1660280,ttm,541130.0,1660280_0.csv,40000.0,180376.66666666663,2164520.0,54.113,0.0921676766301264,0.9078323233698736,2.631306285146761,0.012591739383362421,3.6755719649423945e-05,587.1147237133713,"('-1', 'ttm')",,2021-ttm,270158,,,63.95905432462178,"-1,ttm"
665,665,1660280,12/30/2021,149018.0,1660280_0.csv,44061.0,49672.66666666666,596072.0,13.52833571639318,-0.07468474840849777,1.0746847484084978,0.0746697051866381,0.0040964613872681395,4.2919345412039744e-05,-181.13920184075897,"('Q4', '2021')",,2021-12,77485,25.305355976485963,0.37294473907736175,67.8528299905492,"Q4,2021"
666,666,1660280,9/29/2021,138664.0,1660280_0.csv,40999.0,46221.33333333334,554656.0,13.528525085977707,-0.06452199200290804,1.064521992002908,0.06452529191840882,0.0038118329450412,3.9936684200272744e-05,-209.67308457196998,"('Q3', '2021')",https://www.sec.gov/Archives/edgar/data/1660280/000166028021000166/Financial_Report.xlsx,2021-09,68360,27.50905432595573,0.3841724641655241,71.60600223055866,"Q3,2021"
667,667,1660280,6/29/2021,130259.0,1660280_0.csv,38514.0,43419.66666666666,521036.0,13.528483148984785,-0.057379749615638034,1.057379749615638,0.05739148787635254,0.003580781944759431,3.7516072472238454e-05,-235.77103838211568,"('Q2', '2021')",https://www.sec.gov/Archives/edgar/data/1660280/000166028021000127/Financial_Report.xlsx,2021-06,65678,31.42488038277512,0.4500720746832125,69.8218844279415,"Q2,2021"
668,668,1660280,3/30/2021,123189.0,1660280_0.csv,36424.0,41063.0,492756.0,13.528332967274325,-0.04324912642492983,1.0432491264249295,0.04324960620585702,0.003386429705379049,3.548022598870057e-05,-312.80014385391775,"('Q1', '2021')",https://www.sec.gov/Archives/edgar/data/1660280/000166028021000054/Financial_Report.xlsx,2021-03,58635,38.83112582781457,0.5482974383317135,70.82127895028061,"Q1,2021"
669,669,1660280,12/30/2020,118082.0,1660280_0.csv,34914.0,39360.66666666666,472328.0,13.52832674571805,,,,0.003913693386142552,3.5735926305015354e-05,,"('Q4', '2020')",https://www.sec.gov/Archives/edgar/data/1660280/000166028021000027/Financial_Report.xlsx,2020-12,55934,,,62.992738160223645,"Q4,2020"
670,670,1665300,ttm,7260.0,1665300_0.csv,183792.0,2420.0,29040.0,0.15800470096630975,-2.01510901127024,3.01510901127024,2.3611111111111107,0.00016893542757417102,0.00016888518064517316,-0.07841000168358647,"('-1', 'ttm')",,2021-ttm,2298,,,60.890493381468104,"-1,ttm"
671,671,1665300,9/29/2021,2160.0,1665300_0.csv,60957.0,720.0,8640.0,0.14173925882179242,-0.5041826033312771,1.5041826033312768,0.5041782729805013,5.937777044718883e-05,5.9377556984219764e-05,-0.2811268335822797,"('Q3', '2021')",https://www.sec.gov/Archives/edgar/data/1665300/000162828021023228/Financial_Report.xlsx,2021-09,715,0.034994126859827716,0.0005500333755778975,63.621824444854525,"Q3,2021"
672,672,1665300,6/29/2021,1436.0,1665300_0.csv,40525.0,478.66666666666674,5744.0,0.14173966687230105,0.12757529439624551,0.8724247056037545,-0.1275820170109355,3.947522146396442e-05,3.947496590687707e-05,1.111027550773752,"('Q2', '2021')",https://www.sec.gov/Archives/edgar/data/1665300/000162828021017003/Financial_Report.xlsx,2021-06,639,-0.10782990212622344,-0.0016962978889585108,63.56778654746106,"Q2,2021"
673,673,1665300,3/30/2021,1646.0,1665300_0.csv,46451.0,548.6666666666666,6584.0,0.14174075907946007,0.2891422450072691,0.7108577549927309,-0.18434093161546086,4.524806025744112e-05,4.524741866354958e-05,0.4902111729674669,"('Q1', '2021')",https://www.sec.gov/Archives/edgar/data/1665300/000162828021010391/Financial_Report.xlsx,2021-03,556,-0.02942733142796655,-0.0004581155188486655,64.23561354551626,"Q1,2021"
674,674,1665300,12/30/2020,2018.0,1665300_0.csv,65345.0,672.6666666666666,8072.0,0.1235289616650088,,,,6.688431135342956e-05,6.68833162743091e-05,,"('Q4', '2020')",https://www.sec.gov/Archives/edgar/data/1665300/000162828021006256/Financial_Report.xlsx,2020-12,388,,,62.392183802763135,"Q4,2020"
675,675,1666134,ttm,425706.0,1666134_0.csv,3700.0,141902.0,1702824.0,460.2227027027027,0.0770765777001746,0.9229234222998254,2.691327194214661,0.009905898778359512,3.3999040675717154e-06,5970.979984256102,"('-1', 'ttm')",,2021-ttm,202620,,,89.60094006173817,"-1,ttm"
676,676,1666134,12/30/2021,115326.0,1666134_0.csv,4009.0,38442.0,461304.0,115.06709902718883,-0.054167762292926636,1.0541677622929266,0.05414891866693472,0.003170278127126157,3.905123709331775e-06,-2124.272706798054,"('Q4', '2021')",,2021-12,56210,272.86407766990294,3.0151594211558015,90.49739650758032,"Q4,2021"
677,677,1666134,9/29/2021,109402.0,1666134_0.csv,3803.0,36467.333333333336,437608.0,115.0691559295293,-0.07126760563380281,1.0712676056338029,0.07128728383697945,0.0030074290937330338,3.7044613286577047e-06,-1614.6067333985336,"('Q3', '2021')",https://www.sec.gov/Archives/edgar/data/1666134/000166613421000016/Financial_Report.xlsx,2021-09,48799,192.8814229249012,2.204938086050652,87.4770244775346,"Q3,2021"
678,678,1666134,6/29/2021,102122.0,1666134_0.csv,3550.0,34040.666666666664,408488.0,115.06704225352112,-0.03317811408614668,1.033178114086147,0.033037954196002195,0.002807304015559175,3.4580167543346968e-06,-3468.1610279219176,"('Q2', '2021')",https://www.sec.gov/Archives/edgar/data/1666134/000166613421000013/Financial_Report.xlsx,2021-06,49182,431.4210526315789,4.8348633367065235,89.23128175231115,"Q2,2021"
679,679,1666134,3/30/2021,98856.0,1666134_0.csv,3436.0,32952.0,395424.0,115.08265424912688,-0.03276224827171626,1.0327622482717165,0.03287012851321705,0.0027175226274663428,3.3469705825053573e-06,-3512.660465016928,"('Q1', '2021')",https://www.sec.gov/Archives/edgar/data/1666134/000166613421000010/Financial_Report.xlsx,2021-03,48429,444.302752293578,4.8893558590441835,90.8714286917202,"Q1,2021"
680,680,1666134,12/30/2020,95710.0,1666134_0.csv,3327.0,31903.33333333333,382840.0,115.07063420498949,,,,0.0031721989294532927,3.40532241555783e-06,,"('Q4', '2020')",https://www.sec.gov/Archives/edgar/data/1666134/000166613421000004/Financial_Report.xlsx,2020-12,45382,,,93.30766786895664,"Q4,2020"
681,681,1671933,ttm,1196467.0,1671933_0.csv,875.0,398822.33333333326,4785868.0,5469.563428571429,0.24373379429559205,0.756266205704408,2.024451589745145,0.02784100058173356,8.040313673311487e-07,22440.726549138803,"('-1', 'ttm')",,2021-ttm,249298,,,75.63488976453412,"-1,ttm"
682,682,1671933,12/30/2021,395598.0,1671933_0.csv,1157.0,131866.0,1582392.0,1367.668107173725,-0.3147727272727273,1.3147727272727272,0.3138818496733545,0.010874873719151391,1.1270212351451393e-06,-4344.938391021221,"('Q4', '2021')",,2021-12,72501,261.7364620938628,3.4121952456879265,76.70617981917228,"Q4,2021"
683,683,1671933,9/29/2021,301091.0,1671933_0.csv,880.0,100363.66666666669,1204364.0,1368.5954545454545,-0.07579462102689488,1.075794621026895,0.07545174967049699,0.0082769038341271,8.571985193843757e-07,-18056.63035190616,"('Q3', '2021')",https://www.sec.gov/Archives/edgar/data/1671933/000156459021055245/Financial_Report.xlsx,2021-09,59278,956.0967741935484,12.914641715152305,74.03200145086434,"Q3,2021"
684,684,1671933,6/29/2021,279967.0,1671933_0.csv,818.0,93322.33333333331,1119868.0,1369.0317848410755,-0.2721617418351477,1.2721617418351476,0.273671472310303,0.007696211230920423,7.968049873368398e-07,-5030.213929444638,"('Q2', '2021')",https://www.sec.gov/Archives/edgar/data/1671933/000156459021042669/Financial_Report.xlsx,2021-06,61755,352.88571428571436,4.810407631519968,73.35879645073054,"Q2,2021"
685,685,1671933,3/30/2021,219811.0,1671933_0.csv,643.0,73270.33333333331,879244.0,1367.4090202177294,0.3122994652406417,0.6877005347593583,-0.3128866382207218,0.006042540323966215,6.263393726865381e-07,4378.5186092588265,"('Q1', '2021')",https://www.sec.gov/Archives/edgar/data/1671933/000156459021026067/Financial_Report.xlsx,2021-03,55764,-190.97260273972603,-2.456465076126252,77.74285276666023,"Q1,2021"
686,686,1671933,12/30/2020,319905.0,1671933_0.csv,935.0,106635.0,1279620.0,1368.5775401069518,,,,0.010602886830286859,9.570112589559877e-07,,"('Q4', '2020')",https://www.sec.gov/Archives/edgar/data/1671933/000156459021006726/Financial_Report.xlsx,2020-12,58740,,,75.50153251249615,"Q4,2020"
687,687,1679826,ttm,299449.0,1679826_0.csv,1300.0,99816.33333333331,1197796.0,921.3815384615384,0.006875477463712758,0.9931245225362872,2.9705769256268484,0.006967981384525888,1.194560888606278e-06,134009.82598290598,"('-1', 'ttm')",,2021-ttm,117459,,,73.69106040375755,"-1,ttm"
688,688,1679826,12/30/2021,75417.0,1679826_0.csv,1309.0,25139.0,301668.0,230.45683728036667,0.00983358547655068,0.9901664145234492,-0.010067730757114405,0.0020731913489887227,1.2750827975842588e-06,23435.687606511143,"('Q4', '2021')",,2021-12,32449,-2496.076923076923,-34.365022160429014,72.63422998606795,"Q4,2021"
689,689,1679826,9/29/2021,76184.0,1679826_0.csv,1322.0,25394.66666666667,304736.0,230.51134644478063,0.035036496350364967,0.964963503649635,-0.03447227010037505,0.0020942759554391822,1.2877459575297098e-06,6579.1780131114465,"('Q3', '2021')",https://www.sec.gov/Archives/edgar/data/1679826/000155837021014342/Financial_Report.xlsx,2021-09,30379,-632.8958333333334,-8.571157936434885,73.84017865812214,"Q3,2021"
690,690,1679826,6/29/2021,78904.0,1679826_0.csv,1370.0,26301.33333333333,315616.0,230.3766423357665,-0.14452798663324978,1.1445279866332498,0.1444650731028081,0.002169047962668976,1.3345022404052212e-06,-1593.9932998607653,"('Q2', '2021')",https://www.sec.gov/Archives/edgar/data/1679826/000155837021010264/Financial_Report.xlsx,2021-06,29082,168.10404624277456,2.26308107682671,74.28105336751341,"Q2,2021"
691,691,1679826,3/30/2021,68944.0,1679826_0.csv,1197.0,22981.33333333333,275776.0,230.3893065998329,-0.09016393442622953,1.0901639344262295,0.0899375543435301,0.0018952504656069387,1.1659848042080657e-06,-2555.2268550163285,"('Q1', '2021')",https://www.sec.gov/Archives/edgar/data/1679826/000155837021005961/Financial_Report.xlsx,2021-03,25549,258.07070707070704,3.477609635807097,74.20922245369067,"Q1,2021"
692,692,1679826,12/30/2020,63255.0,1679826_0.csv,1098.0,21085.0,253020.0,230.43715846994542,,,,0.002096514923023383,1.1238485158648925e-06,,"('Q4', '2020')",https://www.sec.gov/Archives/edgar/data/1679826/000155837021001638/Financial_Report.xlsx,2020-12,24805,,,73.28835566304936,"Q4,2020"
693,693,1682325,ttm,60453.0,1682325_0.csv,1894.0,20151.0,241812.0,127.67265047518481,0.09029779058597502,0.9097022094140252,2.6373646209386283,0.0014067015706806286,1.740383325400224e-06,1413.9066930283764,"('-1', 'ttm')",,2021-ttm,16264,,,77.382910751805,"-1,ttm"
694,694,1682325,12/30/2021,16620.0,1682325_0.csv,2082.0,5540.0,66480.0,31.93083573487032,-0.02209131075110457,1.0220913107511045,0.02232884295995571,0.0004568789559408696,2.0280537697253067e-06,-1445.4024975984632,"('Q4', '2021')",,2021-12,4644,103.2,1.3335070077864295,77.38991951104032,"Q4,2021"
695,695,1682325,9/29/2021,16257.0,1682325_0.csv,2037.0,5419.0,65028.0,31.92341678939617,-0.1354515050167224,1.1354515050167224,0.13550324788712725,0.0004469001917407171,1.984219754529515e-06,-235.68152148220886,"('Q3', '2021')",https://www.sec.gov/Archives/edgar/data/1682325/000155837021014593/Financial_Report.xlsx,2021-09,4351,17.905349794238685,0.2314288648327158,77.36869731950354,"Q3,2021"
696,696,1682325,6/29/2021,14317.0,1682325_0.csv,1794.0,4772.333333333333,57268.0,31.92196209587513,-0.08007224563515954,1.0800722456351597,0.0797948563240062,0.00039357015717240876,1.7475160724722385e-06,-398.66450406953834,"('Q2', '2021')",https://www.sec.gov/Archives/edgar/data/1682325/000155837021010597/Financial_Report.xlsx,2021-06,3507,26.36842105263158,0.34278808217408874,76.92338918375839,"Q2,2021"
697,697,1682325,3/30/2021,13259.0,1682325_0.csv,1661.0,4419.666666666667,53036.0,31.93016255267911,-0.012187690432663007,1.012187690432663,0.012060148080299284,0.0003644860455367022,1.6179622053380092e-06,-2619.869837447321,"('Q1', '2021')",https://www.sec.gov/Archives/edgar/data/1682325/000155837021007077/Financial_Report.xlsx,2021-03,3762,188.1,2.4144885939444216,77.90469603863858,"Q1,2021"
698,698,1682325,12/30/2020,13101.0,1682325_0.csv,1641.0,4367.0,52404.0,31.934186471663622,,,,0.0004342177220224384,1.6796315250767656e-06,,"('Q4', '2020')",https://www.sec.gov/Archives/edgar/data/1682325/000155837021001283/Financial_Report.xlsx,2020-12,3754,,,78.26405338631211,"Q4,2020"
699,699,1689923,ttm,536135.0,1689923_0.csv,7689.0,178711.66666666663,2144540.0,278.9101313564833,0.2287863590772317,0.7712136409227683,2.084692615287247,0.012475509016870272,7.065368209610518e-06,1219.0854930399555,"('-1', 'ttm')",,2021-ttm,334480,,,75.33843903184602,"-1,ttm"
700,700,1689923,12/30/2021,173805.0,1689923_0.csv,9970.0,57935.0,695220.0,69.73119358074223,-0.40739695087521177,1.4073969508752118,0.407316539947045,0.004777848792858174,9.711669588934347e-06,-171.16277731322867,"('Q4', '2021')",,2021-12,101883,35.30249480249481,0.4789342419573882,73.7105258087513,"Q4,2021"
701,701,1689923,9/29/2021,123501.0,1689923_0.csv,7084.0,41167.0,494004.0,69.73517786561264,-0.028604617395092208,1.0286046173950922,0.028574997917881175,0.0033950064944436426,6.900448081044223e-06,-2437.899339900885,"('Q3', '2021')",https://www.sec.gov/Archives/edgar/data/1689923/000168992321000097/Financial_Report.xlsx,2021-09,83034,421.492385786802,5.828335587528713,72.31779629997594,"Q3,2021"
702,702,1689923,6/29/2021,120070.0,1689923_0.csv,6887.0,40023.333333333336,480280.0,69.73718600261363,-0.011009982384028186,1.0110099823840282,0.011039163347619969,0.0033006893044416497,6.708552503409312e-06,-6333.99614733072,"('Q2', '2021')",https://www.sec.gov/Archives/edgar/data/1689923/000168992321000080/Financial_Report.xlsx,2021-06,77656,1035.4133333333334,13.34787955034681,77.57137224889259,"Q2,2021"
703,703,1689923,3/30/2021,118759.0,1689923_0.csv,6812.0,39586.333333333336,475036.0,69.73517322372284,0.2602085143353606,0.7397914856646395,-0.2601929893413569,0.0032646502965452307,6.6354958114163256e-06,267.9972767295659,"('Q1', '2021')",https://www.sec.gov/Archives/edgar/data/1689923/000168992321000050/Financial_Report.xlsx,2021-03,71907,-30.01126878130217,-0.3811419865503715,78.74039030159669,"Q1,2021"
704,704,1689923,12/30/2020,160527.0,1689923_0.csv,9208.0,53509.0,642108.0,69.73370981754995,,,,0.0053204845632467725,9.424769703172978e-06,,"('Q4', '2020')",https://www.sec.gov/Archives/edgar/data/1689923/000168992321000024/Financial_Report.xlsx,2020-12,68794,,,77.89888257922695,"Q4,2020"
705,705,1701732,ttm,532179.0,1701732_0.csv,11000.0,177393.0,2128716.0,193.51963636363635,0.054982817869415807,0.9450171821305842,2.77976093240623,0.0123834554973822,1.0107822903591584e-05,3519.638386363636,"('-1', 'ttm')",,2021-ttm,132750,,,71.4950287477552,"-1,ttm"
706,706,1701732,12/30/2021,140797.0,1701732_0.csv,11640.0,46932.33333333334,563188.0,48.38384879725086,-0.16063416093329344,1.1606341609332935,0.16066673811074395,0.0038704684933577992,1.1338398597311513e-05,-301.2052263113773,"('Q4', '2021')",,2021-12,38182,23.700806952203607,0.33817060278386085,70.08535560777821,"Q4,2021"
707,707,1701732,9/29/2021,121307.0,1701732_0.csv,10029.0,40435.66666666666,485228.0,48.38249077674742,-0.011599757918095624,1.0115997579180955,0.011633531256254588,0.003334694073906081,9.769140853302162e-06,-4170.991422266729,"('Q3', '2021')",https://www.sec.gov/Archives/edgar/data/1701732/000156459021054530/Financial_Report.xlsx,2021-09,30589,265.9913043478261,3.7449974163652944,71.02576444658374,"Q3,2021"
708,708,1701732,6/29/2021,119912.0,1701732_0.csv,9914.0,39970.66666666666,479648.0,48.380875529554174,0.20144985904148208,0.798550140958518,-0.20145441953077664,0.0032963459304922718,9.657120592246247e-06,240.16336253475208,"('Q2', '2021')",https://www.sec.gov/Archives/edgar/data/1701732/000156459021041685/Financial_Report.xlsx,2021-06,31909,-12.758496601359456,-0.17795199339049395,71.69628369018879,"Q2,2021"
709,709,1701732,3/30/2021,150163.0,1701732_0.csv,12415.0,50054.33333333334,600652.0,48.38115183246073,-0.1253625815808557,1.1253625815808557,0.12531380909915246,0.004127937103546859,1.2093317747905706e-05,-385.92976646110395,"('Q1', '2021')",https://www.sec.gov/Archives/edgar/data/1701732/000156459021025062/Financial_Report.xlsx,2021-03,32070,23.188720173535792,0.31594996442323736,73.39364704745736,"Q1,2021"
710,710,1701732,12/30/2020,133441.0,1701732_0.csv,11032.0,44480.33333333334,533764.0,48.38324873096447,,,,0.004422749946141225,1.1291709314227225e-05,,"('Q4', '2020')",https://www.sec.gov/Archives/edgar/data/1701732/000156459021009427/Financial_Report.xlsx,2020-12,30537,,,69.20038563370554,"Q4,2020"
711,711,1707753,ttm,800629.0,1707753_0.csv,11300.0,266876.33333333326,3202516.0,283.40849557522125,0.10615408954279386,0.8938459104572062,2.575130389740292,0.018630110529377544,1.0383490800962264e-05,2669.7840544425835,"('-1', 'ttm')",,2021-ttm,370220,,,37.32669400507713,"-1,ttm"
712,712,1707753,1/30/2022,223944.0,1707753_0.csv,12642.0,74648.0,895776.0,70.85714285714286,-0.08720330237358101,1.087203302373581,0.08721235071366153,0.005211029668411867,1.1616645195200438e-05,-812.5511411665259,"('Q4', '2021')",,2021-12,105069,103.61834319526629,2.8133527060042947,36.830911024459404,"Q4,2021"
713,713,1707753,10/30/2021,205980.0,1707753_0.csv,11628.0,68660.0,823920.0,70.85655314757481,-0.06669112925419686,1.066691129254197,0.06672881224267847,0.005662330165144424,1.1326709526592634e-05,-1062.458439974846,"('Q3', '2021')",https://www.sec.gov/Archives/edgar/data/1707753/000170775321000080/Financial_Report.xlsx,2021-09,94953,130.60935350756534,3.60824121612737,36.197511664074646,"Q3,2021"
714,714,1707753,7/30/2021,193095.0,1707753_0.csv,10901.0,64365.0,772380.0,70.85405008714797,-0.08716465543033809,1.087164655430338,0.08718540622712681,0.005308125270601818,1.0618546658873954e-05,-812.8759270295567,"('Q2', '2021')",https://www.sec.gov/Archives/edgar/data/1707753/000170775321000052/Financial_Report.xlsx,2021-06,88033,100.7242562929062,2.738474894217558,36.781150159744406,"Q2,2021"
715,715,1707753,4/29/2021,177610.0,1707753_0.csv,10027.0,59203.33333333334,710440.0,70.85269771616635,-0.13043968432919956,1.1304396843291995,0.1304458517646311,0.004882447133854264,9.767192674849016e-06,-543.1836030617073,"('Q1', '2021')",https://www.sec.gov/Archives/edgar/data/1707753/000170775321000026/Financial_Report.xlsx,2021-03,82165,71.01555747623162,1.7868184794180602,39.744136460554365,"Q1,2021"
716,716,1707753,1/30/2021,157115.0,1707753_0.csv,8870.0,52371.66666666666,628460.0,70.8523111612176,,,,0.004319045557319478,8.640171439703876e-06,,"('Q4', '2020')",https://www.sec.gov/Archives/edgar/data/1707753/000170775321000012/Financial_Report.xlsx,2020-12,71087,,,38.37522441651705,"Q4,2020"
717,717,1713683,ttm,859558.0,1713683_0.csv,4500.0,286519.33333333326,3438232.0,764.0515555555555,0.15903569426275466,0.8409643057372453,2.3633898490783087,0.020001349621873183,4.1350184605601936e-06,4804.277172476825,"('-1', 'ttm')",,2021-ttm,580974,,,80.52642489848711,"-1,ttm"
718,718,1713683,1/30/2022,255563.0,1713683_0.csv,5351.0,85187.66666666669,1022252.0,191.0394318818913,-0.10855603894758648,1.1085560389475866,0.10865142267164683,0.005946783013379872,4.916996396101689e-06,-1759.823163537956,"('Q4', '2021')",,2021-12,175073,334.1087786259542,4.103430146064214,81.4218267968843,"Q4,2021"
719,719,1713683,10/30/2021,230517.0,1713683_0.csv,4827.0,76839.0,922068.0,191.0229956494717,-0.16989820649539505,1.169898206495395,0.16969767701472552,0.006336845143599365,4.701928696668615e-06,-1124.3379173319834,"('Q3', '2021')",https://www.sec.gov/Archives/edgar/data/1713683/000171368321000238/Financial_Report.xlsx,2021-09,153786,219.3808844507846,2.7188701105121704,80.68825487564703,"Q3,2021"
720,720,1713683,7/30/2021,197074.0,1713683_0.csv,4126.0,65691.33333333331,788296.0,191.0557440620456,-0.1169463995668652,1.1169463995668651,0.11717421373664985,0.005417506820883932,4.0190921488408344e-06,-1633.7035151972134,"('Q2', '2021')",https://www.sec.gov/Archives/edgar/data/1713683/000171368321000175/Financial_Report.xlsx,2021-06,136385,315.7060185185185,3.9377580016621567,80.17405294719906,"Q2,2021"
721,721,1713683,4/29/2021,176404.0,1713683_0.csv,3694.0,58801.33333333334,705616.0,191.01678397401196,-0.1234793187347932,1.1234793187347931,0.1232775527877538,0.004849294545354583,3.598285602961231e-06,-1546.9536593757416,"('Q1', '2021')",https://www.sec.gov/Archives/edgar/data/1713683/000171368321000096/Financial_Report.xlsx,2021-03,115730,285.04926108374383,3.5767692895940955,79.69461768558527,"Q1,2021"
722,722,1713683,1/30/2021,157044.0,1713683_0.csv,3288.0,52348.0,628176.0,191.0510948905109,,,,0.0043170937880131115,3.2028053769725307e-06,,"('Q4', '2020')",https://www.sec.gov/Archives/edgar/data/1713683/000171368321000037/Financial_Report.xlsx,2020-12,110403,,,79.13840059420649,"Q4,2020"
723,723,1721947,ttm,366388.0,1721947_0.csv,4000.0,122129.33333333331,1465552.0,366.388,0.11738746690203,0.8826125330979699,2.529681509026801,0.008525607911576498,3.6755719649423936e-06,3121.184992481203,"('-1', 'ttm')",,2021-ttm,148192,,,68.40997896002405,"-1,ttm"
724,724,1721947,12/30/2021,103802.0,1721947_0.csv,4532.0,34600.666666666664,415208.0,91.61694616063551,-0.08550898203592815,1.0855089820359278,0.08555652001129448,0.002853486725906989,4.414572374829533e-06,-1071.4306728869835,"('Q4', '2021')",,2021-12,44552,124.79551820728292,1.8003264162675476,69.3182731085011,"Q4,2021"
725,725,1721947,9/29/2021,95621.0,1721947_0.csv,4175.0,31873.66666666667,382484.0,91.61293413173651,-0.10889774236387782,1.1088977423638775,0.10880354368143977,0.002628593420338261,4.066822520942918e-06,-841.2748707463122,"('Q3', '2021')",https://www.sec.gov/Archives/edgar/data/1721947/000162828021023008/Financial_Report.xlsx,2021-09,40856,99.64878048780487,1.4633371749679909,68.09693773411081,"Q3,2021"
726,726,1721947,6/29/2021,86238.0,1721947_0.csv,3765.0,28746.0,344952.0,91.62071713147414,-0.062358916478555314,1.0623589164785554,0.062463039621525725,0.0023706574851040147,3.667445938047925e-06,-1469.248061149069,"('Q2', '2021')",https://www.sec.gov/Archives/edgar/data/1721947/000162828021017415/Financial_Report.xlsx,2021-06,32617,147.58823529411762,1.9999834656477078,73.79472772107155,"Q2,2021"
727,727,1721947,3/30/2021,81168.0,1721947_0.csv,3544.0,27056.0,324672.0,91.6117381489842,-0.062031765058435724,1.0620317650584357,0.062046947373930385,0.002231284662804363,3.452172218975258e-06,-1476.8520299669574,"('Q1', '2021')",https://www.sec.gov/Archives/edgar/data/1721947/000155837021006836/Financial_Report.xlsx,2021-03,29332,141.70048309178745,1.9485361816931737,72.72150469828962,"Q1,2021"
728,728,1721947,12/30/2020,76426.0,1721947_0.csv,3337.0,25475.33333333333,305704.0,91.61042852861851,,,,0.002533052715310807,3.4155578300921187e-06,,"('Q4', '2020')",https://www.sec.gov/Archives/edgar/data/1721947/000155837021002391/Financial_Report.xlsx,2020-12,30516,,,72.85275957993774,"Q4,2020"
729,729,1724570,ttm,618657.0,1724570_0.csv,1000000.0,206219.0,2474628.0,2.474628,0.05838307424743621,0.9416169257525638,2.7664653524419496,0.014395741710296684,0.0009188929912355986,42.38605164079158,"('-1', 'ttm')",,2021-ttm,139257,,,74.63353653035712,"-1,ttm"
730,730,1724570,12/30/2021,164254.0,1724570_0.csv,1062003.0,54751.33333333334,657016.0,0.6186573860902465,-0.04029312281987209,1.0402931228198722,0.0402933650849949,0.004515294586589146,0.0010344856808883695,-15.353920043773124,"('Q4', '2021')",,2021-12,40023,0.972990713278553,0.013087881749318459,74.34287166670197,"Q4,2021"
731,731,1724570,9/29/2021,157892.0,1724570_0.csv,1020869.0,52630.66666666666,631568.0,0.6186572420163605,-0.04149051214037952,1.0414905121403797,0.04149021780715289,0.004340405060855342,0.0009944174946425093,-14.91081237857918,"('Q3', '2021')",https://www.sec.gov/Archives/edgar/data/1724570/000172457021000064/Financial_Report.xlsx,2021-09,35173,0.8648602129386019,0.0114703417550158,75.39969003629837,"Q3,2021"
732,732,1724570,6/29/2021,151602.0,1724570_0.csv,980200.0,50534.0,606408.0,0.6186574168537033,-0.04618721222380423,1.0461872122238045,0.04618760739498582,0.004167494794136446,0.0009548022598870056,-13.394560681773648,"('Q2', '2021')",https://www.sec.gov/Archives/edgar/data/1724570/000172457021000049/Financial_Report.xlsx,2021-06,32135,0.7425937052271572,0.00985168616337665,75.37732048222642,"Q2,2021"
733,733,1724570,3/30/2021,144909.0,1724570_0.csv,936926.0,48303.0,579636.0,0.6186571831713498,-0.04257073516500513,1.042570735165005,0.04257079544146431,0.003983506174875781,0.0009126495226962787,-14.532452417686011,"('Q1', '2021')",https://www.sec.gov/Archives/edgar/data/1724570/000172457021000027/Financial_Report.xlsx,2021-03,31926,0.8345139451603628,0.01136624628750265,73.42036447669824,"Q1,2021"
734,734,1724570,12/30/2020,138992.0,1724570_0.csv,898669.0,46330.66666666666,555968.0,0.6186571474035489,,,,0.00460673151815455,0.0009198249744114637,,"('Q4', '2020')",https://www.sec.gov/Archives/edgar/data/1724570/000172457021000015/Financial_Report.xlsx,2020-12,31962,,,71.69348384651025,"Q4,2020"
735,735,1725057,ttm,1024200.0,1725057_0.csv,3900000.0,341400.0,4096800.0,1.0504615384615386,0.09234293518141624,0.9076570648185838,2.6306274370790503,0.02383246073298429,0.0035836826658188353,11.375656799275546,"('-1', 'ttm')",,2021-ttm,0,,,81.64625516966579,"-1,ttm"
736,736,1725057,12/30/2021,282100.0,1725057_0.csv,4296777.0,94033.33333333331,1128400.0,0.26261544408751025,-0.09681160204578616,1.096811602045786,0.09681181959564544,0.007754846779237023,0.0041854441846873175,-2.7126443374349773,"('Q4', '2021')",,2021-12,0,0.0,0.0,81.53393751609447,"Q4,2021"
737,737,1725057,9/29/2021,257200.0,1725057_0.csv,3917516.0,85733.33333333331,1028800.0,0.2626153919983989,-0.02715667936219272,1.0271566793621931,0.027156549520766654,0.00707035303658193,0.003816010130527957,-9.670379375028077,"('Q3', '2021')",https://www.sec.gov/Archives/edgar/data/1725057/000156459021054003/Financial_Report.xlsx,2021-09,0,0.0,0.0,81.59210793712505,"Q3,2021"
738,738,1725057,6/29/2021,250400.0,1725057_0.csv,3813942.0,83466.66666666669,1001600.0,0.26261542519524417,-0.06780377085489715,1.0678037708548969,0.06780383795309168,0.006883423018507446,0.0037151198129748686,-3.8731684371545048,"('Q2', '2021')",https://www.sec.gov/Archives/edgar/data/1725057/000156459021040837/Financial_Report.xlsx,2021-06,0,0.0,0.0,81.4851721178602,"Q2,2021"
739,739,1725057,3/30/2021,234500.0,1725057_0.csv,3571763.0,78166.66666666669,938000.0,0.26261540869313,-0.05251366192679948,1.0525136619267994,0.052513464991023336,0.00644633665271564,0.0034792158581726084,-5.000896891540305,"('Q1', '2021')",https://www.sec.gov/Archives/edgar/data/1725057/000156459021024095/Financial_Report.xlsx,2021-03,0,0.0,0.0,82.01817774701787,"Q1,2021"
740,740,1725057,12/30/2020,222800.0,1725057_0.csv,3393555.0,74266.66666666669,891200.0,0.2626154578310945,,,,0.007384452214838506,0.0034734442169907878,,"('Q4', '2020')",https://www.sec.gov/Archives/edgar/data/1725057/000156459021009508/Financial_Report.xlsx,2020-12,0,,,81.89283312649322,"Q4,2020"
741,741,1739936,ttm,443786.0,1739936_0.csv,11234767.0,147928.66666666663,1775144.0,0.15800452292424044,-2.39265197040616,3.39265197040616,2.7819876940907773,0.010326608493310064,0.010323548654464993,-0.06603740321557032,"('-1', 'ttm')",,2021-ttm,224008,,,75.79001932961596,"-1,ttm"
742,742,1739936,12/30/2021,117342.0,1739936_0.csv,3311500.0,39114.0,469368.0,0.141738789068398,-0.022552351191073548,1.0225523511910737,0.022552590759363444,0.003225697379543533,0.003225696473797,-6.284878586162656,"('Q4', '2021')",,2021-12,61829,0.8465667145888958,0.010849938273223572,78.02502588223264,"Q4,2021"
743,743,1739936,9/29/2021,114754.0,1739936_0.csv,3238465.0,38251.333333333336,459016.0,0.1417387558611873,-0.04901650198371051,1.0490165019837103,0.0490163814538541,0.0031545540138410684,0.003154553867134229,-2.891653833402695,"('Q3', '2021')",https://www.sec.gov/Archives/edgar/data/1739936/000095017021003722/Financial_Report.xlsx,2021-09,54118,0.3576370761493778,0.004808939628386474,74.36921728821422,"Q3,2021"
744,744,1739936,6/29/2021,109392.0,1739936_0.csv,3087144.0,36464.0,437568.0,0.14173877214668315,-0.06934631591526683,1.0693463159152667,0.06934641928483443,0.00300715419664763,0.003007153711279953,-2.043926490916569,"('Q2', '2021')",https://www.sec.gov/Archives/edgar/data/1739936/000156459021041563/Financial_Report.xlsx,2021-06,56025,0.2798465526800833,0.003777928461181125,74.07407407407408,"Q2,2021"
745,745,1739936,3/30/2021,102298.0,1739936_0.csv,2886945.0,34099.333333333336,409192.0,0.1417387584453462,0.11706848920414455,0.8829315107958554,0.013102253032928942,0.0028121422042622795,0.0028121420222092346,1.2107336432622915,"('Q1', '2021')",https://www.sec.gov/Archives/edgar/data/1739936/000156459021025538/Financial_Report.xlsx,2021-03,52036,-0.13594160644962408,-0.0018329901783332527,74.16384880645484,"Q1,2021"
746,746,1739936,12/30/2020,100975.0,1739936_0.csv,3269727.0,33658.333333333336,403900.0,0.12352713238750515,,,,0.0033467013572411053,0.0033467011258955987,,"('Q4', '2020')",https://www.sec.gov/Archives/edgar/data/1739936/000156459021006682/Financial_Report.xlsx,2020-12,43832,,,74.14561939124803,"Q4,2020"
747,747,1739942,ttm,718632.0,1739942_0.csv,300000.0,239544.0,2874528.0,9.58176,0.037804655101078624,0.9621953448989212,2.8487764906248487,0.016722094240837697,0.0002756678973706796,253.45450115551026,"('-1', 'ttm')",,2021-ttm,236383,,,81.70503211991434,"-1,ttm"
748,748,1739942,12/30/2021,186717.0,1739942_0.csv,311787.0,62239.0,746868.0,2.3954430428465585,-0.03004364157743985,1.0300436415774399,0.030043415659427086,0.0051327959095313685,0.0003037083576855641,-79.732113587899,"('Q4', '2021')",,2021-12,61999,6.817572025511327,0.08331755147175195,81.82636077372919,"Q4,2021"
749,749,1739942,9/29/2021,181271.0,1739942_0.csv,302693.0,60423.66666666666,725084.0,2.395443568235803,0.308057532906317,0.691942467093683,-0.3080572881278296,0.004983086956820541,0.00029484999025910765,7.7759616706541586,"('Q3', '2021')",https://www.sec.gov/Archives/edgar/data/1739942/000173994221000154/Financial_Report.xlsx,2021-09,58642,-0.4351555717158525,-0.005384266810961332,80.81983805668015,"Q3,2021"
750,750,1739942,6/29/2021,261974.0,1739942_0.csv,437454.0,87324.66666666669,1047896.0,2.395442720834648,-0.019741949019196483,1.0197419490191966,0.01974293699543022,0.007201588905153633,0.00042611922852133253,-121.3377016881865,"('Q2', '2021')",https://www.sec.gov/Archives/edgar/data/1739942/000173994221000127/Financial_Report.xlsx,2021-06,82371,9.726177825008856,0.11777000289154772,82.58620689655173,"Q2,2021"
751,751,1739942,3/30/2021,256902.0,1739942_0.csv,428985.0,85634.0,1027608.0,2.3954404000139866,0.03163219698508797,0.968367803014912,-0.03163282999238575,0.007062161103436901,0.0004178696668614845,75.72791738567018,"('Q1', '2021')",https://www.sec.gov/Archives/edgar/data/1739942/000173994221000080/Financial_Report.xlsx,2021-03,83297,-5.94426603867837,-0.07278402425953627,81.6699282452707,"Q1,2021"
752,752,1739942,12/30/2020,265294.0,1739942_0.csv,442998.0,88431.33333333331,1061176.0,2.39544196587795,,,,0.008792867441128217,0.0004534268167860799,,"('Q4', '2020')",https://www.sec.gov/Archives/edgar/data/1739942/000173994221000043/Financial_Report.xlsx,2020-12,81902,,,80.95919828203294,"Q4,2020"
753,753,1768267,ttm,387965.0,1768267_0.csv,325000000.0,129321.66666666669,1551860.0,0.004774953846153846,-0.027166778769015142,1.027166778769015,3.1086671043992125,0.009027690517742874,0.29864022215156955,-0.17576444696490418,"('-1', 'ttm')",,2021-ttm,35554,,,79.76466376044475,"-1,ttm"
754,754,1768267,12/30/2021,94426.0,1768267_0.csv,316404314.0,31475.33333333333,377704.0,0.0011937384646405296,0.03721603748968776,0.9627839625103124,-0.03721603654308907,0.002595743218632525,0.3082060335086694,0.03207591525484958,"('Q4', '2021')",,2021-12,5879,-0.0004806841265902374,-6.1403012427109685e-06,78.28347626443379,"Q4,2021"
755,755,1768267,9/29/2021,98076.0,1768267_0.csv,328634799.0,32692.0,392304.0,0.0011937384634668588,-0.013171352795011394,1.0131713527950117,0.013171351535624631,0.002696080654804857,0.32011961718293397,-0.09063142427700996,"('Q3', '2021')",https://www.sec.gov/Archives/edgar/data/1768267/000156459021057931/Financial_Report.xlsx,2021-09,10586,0.0024778263101336915,3.1501043116592404e-05,78.65854793959369,"Q3,2021"
756,756,1768267,6/29/2021,96801.0,1768267_0.csv,324362506.0,32267.0,387204.0,0.0011937384649506931,0.01886237929455298,0.9811376207054472,-0.01886237862601617,0.0026610312764158922,0.3159580225988701,0.06328673844955589,"('Q2', '2021')",https://www.sec.gov/Archives/edgar/data/1768267/000156459021042523/Financial_Report.xlsx,2021-06,9534,-0.0015288960389180535,-1.879237471975843e-05,81.35725589329388,"Q2,2021"
757,757,1768267,3/30/2021,98662.0,1768267_0.csv,330598378.0,32887.333333333336,394648.0,0.0011937384641372926,-0.038941072626252966,1.038941072626253,0.03894107240638561,0.0027121896240095114,0.32203231833235924,-0.030654996989798063,"('Q1', '2021')",https://www.sec.gov/Archives/edgar/data/1768267/000156459021025918/Financial_Report.xlsx,2021-03,9555,0.0007711040402139433,9.483570065773612e-06,81.3094683611684,"Q1,2021"
758,758,1768267,12/30/2020,94964.0,1768267_0.csv,318207054.0,31654.66666666667,379856.0,0.0011937384643899188,,,,0.003147473609200736,0.325698110542477,,"('Q4', '2020')",https://www.sec.gov/Archives/edgar/data/1768267/000156459021004629/Financial_Report.xlsx,2020-12,8898,,,81.03258450654735,"Q4,2020"
759,759,1773383,ttm,873364.0,1773383_0.csv,8000.0,291121.33333333326,3493456.0,436.682,0.09307334769300532,0.9069266523069948,2.6274390902369937,0.0203226061663758,7.351143929884789e-06,4691.805020706455,"('-1', 'ttm')",,2021-ttm,335621,,,85.55786969520199,"-1,ttm"
760,760,1773383,12/30/2021,240766.0,1773383_0.csv,8821.0,80255.33333333331,963064.0,109.17855118467294,-0.06366815386470517,1.0636681538647053,0.06367018033699427,0.006618587166429568,8.592441067601792e-06,-1714.8062973001754,"('Q4', '2021')",,2021-12,94033,178.09280303030303,2.179214488433737,81.72339344086474,"Q4,2021"
761,761,1773383,9/29/2021,226354.0,1773383_0.csv,8293.0,75451.33333333331,905416.0,109.17834318099602,-0.07925559604372723,1.0792555960437271,0.07921235815771907,0.006222405486945824,8.078121955971166e-06,-1377.5474367861636,"('Q3', '2021')",https://www.sec.gov/Archives/edgar/data/1773383/000177338321000114/Financial_Report.xlsx,2021-09,86301,141.70935960591132,1.6639756784769693,85.16311953286322,"Q3,2021"
762,762,1773383,6/29/2021,209740.0,1773383_0.csv,7684.0,69913.33333333331,838960.0,109.1827173347215,-0.0673704681205723,1.0673704681205722,0.06735740748279923,0.005765691469256197,7.484901616988115e-06,-1620.6317156549692,"('Q2', '2021')",https://www.sec.gov/Archives/edgar/data/1773383/000177338321000083/Financial_Report.xlsx,2021-06,80482,165.9422680412371,1.8877474462127588,87.90490930031673,"Q2,2021"
763,763,1773383,3/30/2021,196504.0,1773383_0.csv,7199.0,65501.33333333334,786016.0,109.18405334074177,-0.0743172660796896,1.0743172660796896,0.07431483071001742,0.005401837687015924,7.012468342100136e-06,-1469.161328185363,"('Q1', '2021')",https://www.sec.gov/Archives/edgar/data/1773383/000177338321000054/Financial_Report.xlsx,2021-03,74805,150.210843373494,1.7205331249324307,87.30482499684109,"Q1,2021"
764,764,1773383,12/30/2020,182911.0,1773383_0.csv,6701.0,60970.33333333334,731644.0,109.18430085061932,,,,0.006062376746267173,6.858751279426818e-06,,"('Q4', '2020')",https://www.sec.gov/Archives/edgar/data/1773383/000177338321000011/Financial_Report.xlsx,2020-12,64829,,,92.38973375706051,"Q4,2020"
765,765,1786352,ttm,412838.0,1786352_0.csv,350000.0,137612.66666666663,1651352.0,4.718148571428571,0.3404216025116745,0.6595783974883255,1.6383133731259345,0.009606468877254215,0.00032161254693245965,13.859721406096034,"('-1', 'ttm')",,2021-ttm,187421,,,61.95681803227839,"-1,ttm"
766,766,1786352,12/30/2021,156478.0,1786352_0.csv,530642.0,52159.33333333334,625912.0,1.1795372397963222,-0.344278906928847,1.3442789069288468,0.3442780684346624,0.0043015346129792655,0.0005168926553672316,-3.426109517769848,"('Q4', '2021')",,2021-12,80817,0.5946755358680216,0.009762562359643574,60.91387834061762,"Q4,2021"
767,767,1786352,9/29/2021,116403.0,1786352_0.csv,394741.0,38801.0,465612.0,1.1795379755333244,-0.4871419099142543,1.4871419099142542,0.4871411597868997,0.0031998845432241307,0.00038451295538671337,-2.4213436609076484,"('Q3', '2021')",https://www.sec.gov/Archives/edgar/data/1786352/000095017021003282/Financial_Report.xlsx,2021-09,62312,0.4818993851745872,0.007989658000563034,60.31539587059015,"Q3,2021"
768,768,1786352,6/29/2021,78273.0,1786352_0.csv,265436.0,26091.0,313092.0,1.1795385705028707,-0.31027095334705623,1.3102709533470562,0.3102715189661521,0.002151701956580005,0.0002585583479446717,-3.801640333323396,"('Q2', '2021')",https://www.sec.gov/Archives/edgar/data/1786352/000156459021046383/Financial_Report.xlsx,2021-06,29102,0.4630021478004932,0.007191716778798998,64.37991957155654,"Q2,2021"
769,769,1786352,3/30/2021,59738.0,1786352_0.csv,202581.0,19912.666666666668,238952.0,1.1795380613186823,-0.10533897149092893,1.105338971490929,0.10533814413914336,0.0016421802087843364,0.0001973319696084161,-11.197546782771237,"('Q1', '2021')",https://www.sec.gov/Archives/edgar/data/1786352/000156459021025543/Financial_Report.xlsx,2021-03,15190,0.7868020304568528,0.012608238465321336,62.4038030864449,"Q1,2021"
770,770,1786352,12/30/2020,54045.0,1786352_0.csv,183275.0,18015.0,216180.0,1.1795389442095212,,,,0.0017912599638731915,0.00018758955987717505,,"('Q4', '2020')",https://www.sec.gov/Archives/edgar/data/1786352/000156459021004505/Financial_Report.xlsx,2020-12,14174,,,63.62211685284899,"Q4,2020"
771,771,1794515,ttm,747200.0,1794515_0.csv,20000.0,249066.66666666663,2988800.0,149.44,0.15966386554621848,0.8403361344537815,2.361223571749888,0.017386852821407794,1.837785982471197e-05,935.9663157894736,"('-1', 'ttm')",,2021-ttm,241100,,,77.16127312642837,"-1,ttm"
772,772,1794515,12/30/2021,222300.0,1794515_0.csv,23800.0,74100.0,889200.0,37.361344537815135,-0.1249763660427302,1.12497636604273,0.12499999999999993,0.006110962208523184,2.318332359244107e-05,-298.9472787602182,"('Q4', '2021')",,2021-12,77100,29.16036308623298,0.38027781370999936,76.68173644353266,"Q4,2021"
773,773,1794515,9/29/2021,197600.0,1794515_0.csv,21156.0,65866.66666666669,790400.0,37.36055965210815,-0.13564871973804285,1.135648719738043,0.13563218390804607,0.005431966407576164,2.0607831677381648e-05,-275.4213952351098,"('Q3', '2021')",https://www.sec.gov/Archives/edgar/data/1794515/000179451521000318/Financial_Report.xlsx,2021-09,65300,25.8409180846854,0.3320741971155733,77.81669972898214,"Q3,2021"
774,774,1794515,6/29/2021,174000.0,1794515_0.csv,18629.0,58000.0,696000.0,37.361103655590746,-0.13501492719186012,1.1350149271918601,0.1350293542074364,0.004783209286023545,1.8146308201831286e-05,-276.7183187270807,"('Q2', '2021')",https://www.sec.gov/Archives/edgar/data/1794515/000179451521000194/Financial_Report.xlsx,2021-06,49900,22.518050541516253,0.28540439972007897,78.89875055746045,"Q2,2021"
775,775,1794515,3/30/2021,153300.0,1794515_0.csv,16413.0,51100.0,613200.0,37.36062876987753,-0.09734572440997526,1.0973457244099754,0.09735146743020764,0.004214172319237985,1.598772647574518e-05,-383.7932173839687,"('Q1', '2021')",https://www.sec.gov/Archives/edgar/data/1794515/000179451521000122/Financial_Report.xlsx,2021-03,48800,33.51648351648352,0.4469905286433537,74.98253624793416,"Q1,2021"
776,776,1794515,12/30/2020,139700.0,1794515_0.csv,14957.0,46566.66666666666,558800.0,37.36043324196029,,,,0.004630197371691828,1.5309109518935518e-05,,"('Q4', '2020')",https://www.sec.gov/Archives/edgar/data/1794515/000179451521000061/Financial_Report.xlsx,2020-12,45200,,,76.16957737273981,"Q4,2020"
777,777,1800667,ttm,206683.0,1800667_0.csv,4000.0,68894.33333333331,826732.0,206.683,0.12758996728462374,0.8724100327153762,2.4891451144574246,0.004809377545084351,3.6755719649423936e-06,1619.900094017094,"('-1', 'ttm')",,2021-ttm,96962,,,30.865854161864082,"-1,ttm"
778,778,1800667,12/30/2021,59236.0,1800667_0.csv,4585.0,19745.33333333333,236944.0,51.67808069792803,-0.10295886456579263,1.1029588645657926,0.10302962590544283,0.001628380375097073,4.466199103837912e-06,-501.929395937586,"('Q4', '2021')",,2021-12,30850,72.07943925233644,2.6368757216038627,27.33516739594181,"Q4,2021"
779,779,1800667,9/29/2021,53703.0,1800667_0.csv,4157.0,17901.0,214812.0,51.67476545585759,-0.10382368560807224,1.1038236856080723,0.1037055305505888,0.0014762798177432323,4.049288914864602e-06,-497.7165388919685,"('Q3', '2021')",https://www.sec.gov/Archives/edgar/data/1800667/000095017021003229/Financial_Report.xlsx,2021-09,24321,62.202046035805644,2.069831766164326,30.051739978401386,"Q3,2021"
780,780,1800667,6/29/2021,48657.0,1800667_0.csv,3766.0,16219.0,194628.0,51.68029739776953,-0.07908309455587392,1.079083094555874,0.0791802515137401,0.0013375667484485491,3.668420027274498e-06,-653.4936156457088,"('Q2', '2021')",https://www.sec.gov/Archives/edgar/data/1800667/000095017021001008/Financial_Report.xlsx,2021-06,22026,79.80434782608695,2.365349961391177,33.738917762152255,"Q2,2021"
781,781,1800667,3/30/2021,45087.0,1800667_0.csv,3490.0,15029.0,180348.0,51.6756446991404,-0.0562953995157385,1.0562953995157385,0.056173721567617005,0.0012394284889594455,3.399571400740308e-06,-917.9372585266659,"('Q1', '2021')",https://www.sec.gov/Archives/edgar/data/1800667/000095017021000141/Financial_Report.xlsx,2021-03,19765,106.26344086021506,2.5892420900699524,41.04036515849477,"Q1,2021"
782,782,1800667,12/30/2020,42689.0,1800667_0.csv,3304.0,14229.666666666664,170756.0,51.681598062953995,,,,0.0014148782791707404,3.381780962128966e-06,,"('Q4', '2020')",https://www.sec.gov/Archives/edgar/data/1800667/000119312521041470/Financial_Report.xlsx,2020-12,18192,,,42.5535037023659,"Q4,2020"
783,783,1803696,ttm,877696.0,1803696_0.csv,1.0,292565.33333333326,3510784.0,3510784.0,-inf,inf,3.0927959561480813,0.020423408958696918,9.188929912355988e-10,-0.0,"('-1', 'ttm')",,2021-ttm,0,,,52.532747471397784,"-1,ttm"
784,784,1803696,12/30/2021,214449.0,1803696_0.csv,0.0,71483.0,857796.0,inf,,,-0.02247252471749796,0.005895140506772778,0.0,,"('Q4', '2021')",,2021-12,0,,,47.79242679748582,"Q4,2021"
785,785,1803696,9/29/2021,219379.0,1803696_0.csv,0.0,73126.33333333331,877516.0,inf,1.0,0.0,-0.0130155845090701,0.0060306647698767785,0.0,inf,"('Q3', '2021')",https://www.sec.gov/Archives/edgar/data/1803696/000156459021055270/Financial_Report.xlsx,2021-09,0,-0.0,-0.0,52.81020487050638,"Q3,2021"
786,786,1803696,6/29/2021,222272.0,1803696_0.csv,1.0,74090.66666666669,889088.0,889088.0,0.0,1.0,0.0030505965811658572,0.006110192496684054,9.740892265731539e-10,inf,"('Q2', '2021')",https://www.sec.gov/Archives/edgar/data/1803696/000156459021042188/Financial_Report.xlsx,2021-06,0,,,58.38262822912765,"Q2,2021"
787,787,1803696,3/30/2021,221596.0,1803696_0.csv,1.0,73865.33333333331,886384.0,886384.0,0.0,1.0,-0.4893242411742068,0.006091609453710767,9.740892265731539e-10,inf,"('Q1', '2021')",https://www.sec.gov/Archives/edgar/data/1803696/000156459021024108/Financial_Report.xlsx,2021-03,0,,,50.30296229802514,"Q1,2021"
788,788,1803696,12/30/2020,433927.0,1803696_0.csv,1.0,144642.33333333337,1735708.0,1735708.0,,,,0.014382016141060272,1.0235414534288638e-09,,"('Q4', '2020')",https://www.sec.gov/Archives/edgar/data/1803696/000156459021009444/Financial_Report.xlsx,2020-12,0,,,58.33939519900239,"Q4,2020"
789,789,1806837,ttm,425548.0,1806837_0.csv,4000.0,141849.33333333337,1702192.0,425.548,0.047165316817532166,0.952834683182468,2.811241670846171,0.009902222222222222,3.6755719649423936e-06,9022.477292929292,"('-1', 'ttm')",,2021-ttm,99005,,,77.07084678039035,"-1,ttm"
790,790,1806837,12/30/2021,111656.0,1806837_0.csv,4198.0,37218.66666666666,446624.0,106.38970938542164,-0.008649687650168188,1.0086496876501685,0.008471973843458089,0.003069390896783017,4.089226573154102e-06,-12299.8325128368,"('Q4', '2021')",,2021-12,28332,787.0,9.68844886616016,81.23075333027103,"Q4,2021"
791,791,1806837,9/29/2021,110718.0,1806837_0.csv,4162.0,36906.0,442872.0,106.40845747236904,-0.0550063371356147,1.0550063371356146,0.05508014256036891,0.0030436055501721552,4.054159360997468e-06,-1934.476335154359,"('Q3', '2021')",https://www.sec.gov/Archives/edgar/data/1806837/000155837021015677/Financial_Report.xlsx,2021-09,25658,118.23963133640551,1.4519209139540086,81.43668859649122,"Q3,2021"
792,792,1806837,6/29/2021,104938.0,1806837_0.csv,3945.0,34979.333333333336,419752.0,106.40101394169837,-0.06823720552396426,1.0682372055239642,0.06822346186733999,0.002884715034808843,3.842781998831093e-06,-1559.2815257408413,"('Q2', '2021')",https://www.sec.gov/Archives/edgar/data/1806837/000155837021011506/Financial_Report.xlsx,2021-06,24865,98.67063492063492,1.0265312852948272,96.1204362050164,"Q2,2021"
793,793,1806837,3/30/2021,98236.0,1806837_0.csv,3693.0,32745.33333333333,392944.0,106.40238288654213,0.013094601817210049,0.98690539818279,-0.013139918026199578,0.002700479008171316,3.597311513734658e-06,8125.66768900899,"('Q1', '2021')",https://www.sec.gov/Archives/edgar/data/1806837/000155837021007098/Financial_Report.xlsx,2021-03,20150,-411.2244897959184,-7.308365600592553,56.26764071060934,"Q1,2021"
794,794,1806837,12/30/2020,99544.0,1806837_0.csv,3742.0,33181.333333333336,398176.0,106.40726884019242,,,,0.0032992724922526226,3.830092118730809e-06,,"('Q4', '2020')",https://www.sec.gov/Archives/edgar/data/1806837/000155837021003017/Financial_Report.xlsx,2020-12,21118,,,59.56706609972942,"Q4,2020"
795,795,1810806,ttm,1110526.0,1810806_0.csv,28113777.0,370175.33333333326,4442104.0,0.1580045256814835,-2.153898310484759,3.1538983104847587,2.515835929387331,0.025841210005817336,0.025833552642460574,-0.07335746767261392,"('-1', 'ttm')",,2021-ttm,344939,,,58.369144644768255,"-1,ttm"
796,796,1810806,12/30/2021,315864.0,1810806_0.csv,8913977.0,105288.0,1263456.0,0.14173875476681172,-0.1031544928910457,1.1031544928910455,0.10315442429661084,0.008683009298393914,0.008683008961620884,-1.3740434448795136,"('Q4', '2021')",,2021-12,102833,0.1233698925298788,0.0021107644620600163,58.447967429523146,"Q4,2021"
797,797,1810806,9/29/2021,286328.0,1810806_0.csv,8080443.0,95442.66666666669,1145312.0,0.1417387635801651,-0.04666578153992623,1.0466657815399265,0.04666583809154791,0.007871073266945687,0.007871072472238456,-3.037316828368051,"('Q3', '2021')",https://www.sec.gov/Archives/edgar/data/1810806/000181080621000171/Financial_Report.xlsx,2021-09,97425,0.2704236845903605,0.004590554563118536,58.90871808016405,"Q3,2021"
798,798,1810806,6/29/2021,273562.0,1810806_0.csv,7720175.0,91187.33333333331,1094248.0,0.14173875592198362,-0.16522413076174802,1.165224130761748,0.16522413234968394,0.0075201396477193845,0.0075201392947594,-0.8578574768014358,"('Q2', '2021')",https://www.sec.gov/Archives/edgar/data/1810806/000181080621000152/Financial_Report.xlsx,2021-06,74888,0.06841023486101087,0.0011845929866402323,57.749991459123365,"Q2,2021"
799,799,1810806,3/30/2021,234772.0,1810806_0.csv,6625485.0,78257.33333333331,939088.0,0.14173875572882588,0.07138735505768119,0.9286126449423188,0.06551811778374846,0.006453813853438618,0.006453813559322034,1.9854882648937,"('Q1', '2021')",https://www.sec.gov/Archives/edgar/data/1810806/000181080621000103/Financial_Report.xlsx,2021-03,69793,-0.1370274239401888,-0.0023493940293352338,58.3245816705174,"Q1,2021"
800,800,1810806,12/30/2020,220336.0,1810806_0.csv,7134821.0,73445.33333333331,881344.0,0.123527135438997,,,,0.00730278574151103,0.00730278505629478,,"('Q4', '2020')",https://www.sec.gov/Archives/edgar/data/1810806/000181080621000052/Financial_Report.xlsx,2020-12,68677,,,55.12769569772063,"Q4,2020"
801,801,317788,ttm,993389.0,317788_0.csv,31000000.0,331129.66666666674,3973556.0,0.1281792258064516,0.3385996024300875,0.6614003975699125,1.645601578749731,0.023115509016870272,0.02848568272830356,0.3785569294426962,"('-1', 'ttm')",,2021-ttm,52004,,,70.2629088474944,"-1,ttm"
802,802,317788,12/30/2021,375487.0,317788_0.csv,46870247.0,125162.33333333331,1501948.0,0.03204480659126887,-0.2104479312954718,1.2104479312954717,0.2104479295949452,0.010322028190696109,0.045655802649522695,-0.15226952526455353,"('Q4', '2021')",,2021-12,15857,0.00194592113724162,2.776488068776336e-05,70.08570139828598,"Q4,2021"
803,803,317788,9/29/2021,310205.0,317788_0.csv,38721407.0,103401.66666666669,1240820.0,0.032044806636287775,-0.4589986538664282,1.4589986538664284,0.45899865954895,0.008527445037763988,0.037718105396454316,-0.0698145982920748,"('Q3', '2021')",https://www.sec.gov/Archives/edgar/data/317788/000162828021021199/Financial_Report.xlsx,2021-09,17479,0.0014348580283545154,2.0168844222548088e-05,71.14230307507619,"Q3,2021"
804,804,317788,6/29/2021,212615.0,317788_0.csv,26539714.0,70871.66666666669,850460.0,0.03204480651147936,-1.2361225991439109,2.236122599143912,1.2361225047853432,0.005844724381309748,0.02585204948373271,-0.025923647487451733,"('Q2', '2021')",https://www.sec.gov/Archives/edgar/data/317788/000162828021016277/Financial_Report.xlsx,2021-06,13736,0.00093626353282849,1.3507182898613424e-05,69.31597357170618,"Q2,2021"
805,805,317788,3/30/2021,95082.0,317788_0.csv,11868631.0,31694.0,380328.0,0.03204480786368706,-0.07325721401110366,1.0732572140111036,0.07325717897778576,0.002613776467435004,0.01156110559127216,-0.4374286996340047,"('Q1', '2021')",https://www.sec.gov/Archives/edgar/data/317788/000162828021012023/Financial_Report.xlsx,2021-03,4932,0.006088017024722386,8.640429626431605e-05,70.45965638211747,"Q1,2021"
806,806,317788,12/30/2020,88592.0,317788_0.csv,11058515.0,29530.66666666667,354368.0,0.03204480890969538,,,,0.0029362809273652288,0.011318848515864892,,"('Q4', '2020')",https://www.sec.gov/Archives/edgar/data/317788/000162828021001381/Financial_Report.xlsx,2020-12,5219,,,87.19785138764547,"Q4,2020"
807,807,320340,ttm,48248.0,320340_0.csv,403000.0,16082.666666666664,192992.0,0.4788883374689826,0.07542512090594572,0.9245748790940542,2.6982983289897287,0.0011226992437463642,0.0003703138754679463,6.3491888606469855,"('-1', 'ttm')",,2021-ttm,279,,,91.84397163120569,"-1,ttm"
808,808,320340,12/30/2021,13046.0,320340_0.csv,435876.0,4348.666666666667,52184.0,0.11972212280556856,-0.008582330441704249,1.0085823304417043,0.008581368380363354,0.0003586307376176044,0.00042458211572180015,-13.949838405638756,"('Q4', '2021')",,2021-12,100,0.02696144513345916,0.00030359946620869973,88.80597014925371,"Q4,2021"
809,809,320340,9/29/2021,12935.0,320340_0.csv,432167.0,4311.666666666667,51740.0,0.119722237005602,0.031450022411474675,0.9685499775885252,-0.03144889554473978,0.00035557937996962387,0.0004209692187804403,3.8067456817430068,"('Q3', '2021')",https://www.sec.gov/Archives/edgar/data/320340/000143774921025179/Financial_Report.xlsx,2021-09,97,-0.006912278201382456,-7.817816830384524e-05,88.41698841698843,"Q3,2021"
810,810,320340,6/29/2021,13355.0,320340_0.csv,446200.0,4451.666666666667,53420.0,0.1197220977140296,-0.4985424307150821,1.4985424307150816,0.4985412926391384,0.0003671250575565773,0.00043463861289694136,-0.2401442491912007,"('Q2', '2021')",https://www.sec.gov/Archives/edgar/data/320340/000143774921018617/Financial_Report.xlsx,2021-06,46,0.00030988116730888416,3.851559447928237e-06,80.45602605863192,"Q2,2021"
811,811,320340,3/30/2021,8912.0,320340_0.csv,297756.0,2970.666666666666,35648.0,0.11972218863767647,0.07388549691923449,0.9261145030807656,-0.07388548269770343,0.0002449882825117347,0.00029004091174751606,1.6203746828494214,"('Q1', '2021')",https://www.sec.gov/Archives/edgar/data/320340/000143774921010685/Financial_Report.xlsx,2021-03,37,-0.001557566828036203,-2.4934898920748275e-05,62.465335551858,"Q1,2021"
812,812,320340,12/30/2020,9623.0,320340_0.csv,321511.0,3207.666666666666,38492.0,0.11972218679920747,,,,0.00031894337371360387,0.0003290798362333674,,"('Q4', '2020')",https://www.sec.gov/Archives/edgar/data/320340/000143774921004982/Financial_Report.xlsx,2020-12,38,,,62.06706981858163,"Q4,2020"
813,813,50471,ttm,19521.0,50471_0.csv,494188.0,6507.0,78084.0,0.15800464600516406,-3.021941354081043,4.0219413540810445,3.483463481855765,0.00045424083769633517,0.000454105889552738,-0.05228580819140762,"('-1', 'ttm')",,2021-ttm,4848,,,62.60204081632654,"-1,ttm"
814,814,50471,12/30/2021,4354.0,50471_0.csv,122873.0,1451.333333333333,17416.0,0.14173984520602573,0.04517938874944633,0.9548206112505536,-0.04517543859649128,0.00011969019098475007,0.00011968926553672317,3.1372678809817387,"('Q4', '2021')",,2021-12,1152,-0.19814241486068115,-0.002990707027889009,66.25269978401728,"Q4,2021"
815,815,50471,9/29/2021,4560.0,50471_0.csv,128687.0,1520.0,18240.0,0.14173925882179242,0.0054485594163472244,0.9945514405836527,-0.005452562704471052,0.00012535307094406532,0.00012535262030001948,26.01407968435371,"('Q3', '2021')",https://www.sec.gov/Archives/edgar/data/50471/000185173421000093/Financial_Report.xlsx,2021-09,1189,-1.6865248226950356,-0.02893278197457282,58.291139240506325,"Q3,2021"
816,816,50471,6/29/2021,4585.0,50471_0.csv,129392.0,1528.333333333333,18340.0,0.14173982935575616,0.2387541624013084,0.7612458375986916,-0.2387514527644032,0.00012604031365757445,0.00012603935320475358,0.5936643279019097,"('Q2', '2021')",https://www.sec.gov/Archives/edgar/data/50471/000165495421010502/Financial_Report.xlsx,2021-06,1352,-0.033315262924449265,-0.0007461663949953514,44.648570543915774,"Q2,2021"
817,817,50471,3/30/2021,6023.0,50471_0.csv,169974.0,2007.666666666667,24092.0,0.14173932483791638,-0.014515763211612609,1.0145157632116126,0.16408967916505604,0.0001655705145386196,0.0001655698421975453,-9.764510675162082,"('Q1', '2021')",https://www.sec.gov/Archives/edgar/data/50471/000165495421005915/Financial_Report.xlsx,2021-03,1155,0.4749177631578948,0.014962820594063968,31.739855475264033,"Q1,2021"
818,818,50471,12/30/2020,5174.0,50471_0.csv,167542.0,1724.666666666667,20696.0,0.12352723496197968,,,,0.00017148633644333228,0.00017148618219037871,,"('Q4', '2020')",https://www.sec.gov/Archives/edgar/data/50471/000165495421001744/Financial_Report.xlsx,2020-12,1205,,,39.043435822352365,"Q4,2020"
819,819,704366,ttm,0.0,704366_0.csv,0.0,0.0,0.0,,,,,0.0,0.0,,"('-1', 'ttm')",,ttm'-ttm,0,,,32.74244004171011,"-1,ttm"
820,820,713425,ttm,121470.0,713425_0.csv,10000.0,40490.0,485880.0,48.588,0.06331959535406519,0.9366804046459348,2.746530133859725,0.0028265270506108203,9.188929912355986e-06,767.3453964497043,"('-1', 'ttm')",,2021-ttm,22336,,,59.31684934998726,"-1,ttm"
821,821,713425,1/30/2022,32422.0,713425_0.csv,10676.0,10807.333333333334,129688.0,12.1476208317722,-0.03882455969640946,1.0388245596964094,0.03880042292781403,0.0007544386271087841,9.810101574431254e-06,-312.8849606218618,"('Q4', '2021')",,2021-12,5222,13.087719298245617,0.1446809948078948,90.45914645267187,"Q4,2021"
822,822,713425,10/30/2021,31211.0,713425_0.csv,10277.0,10403.666666666666,124844.0,12.14790308455775,-0.06630006225357958,1.0663000622535797,0.06627720269208426,0.0008579812932533382,1.0010714981492303e-05,-183.22611882467544,"('Q3', '2021')",https://www.sec.gov/Archives/edgar/data/713425/000162828021024496/Financial_Report.xlsx,2021-09,5892,9.220657276995308,0.10170928948295258,90.65698250247608,"Q3,2021"
823,823,713425,7/30/2021,29271.0,713425_0.csv,9638.0,9757.0,117084.0,12.148163519402365,-0.02466510737826919,1.0246651073782689,0.02467968914093677,0.0008046512586850298,9.388271965712057e-06,-492.5242502737011,"('Q2', '2021')",https://www.sec.gov/Archives/edgar/data/713425/000162828021013701/Financial_Report.xlsx,2021-06,6120,26.37931034482759,0.2915267260842927,90.48676496713448,"Q2,2021"
824,824,713425,4/29/2021,28566.0,713425_0.csv,9406.0,9522.0,114264.0,12.147990644269614,-0.03192539769610532,1.0319253976961054,0.03189683199075252,0.0007852710141640723,9.162283265147087e-06,-380.5118031701633,"('Q1', '2021')",,2021-03,5102,17.532646048109967,0.1946908206767488,90.05378880815323,"Q1,2021"
825,825,713425,1/30/2021,27683.0,713425_0.csv,9115.0,9227.666666666666,110732.0,12.148326933625894,,,,0.0007609976015229299,8.878823300214301e-06,,"('Q4', '2020')",https://www.sec.gov/Archives/edgar/data/713425/000162828021004014/Financial_Report.xlsx,2020-12,5029,,,90.61963004144344,"Q4,2020"
826,826,723531,ttm,4332300.0,723531_0.csv,680000.0,1444100.0,17329200.0,25.484117647058824,0.02293516025300232,0.9770648397469976,2.908254397834912,0.10080977312390924,0.0006248472340402071,1111.13754453592,"('-1', 'ttm')",,2021-ttm,0,,,91.28175519630484,"-1,ttm"
827,827,723531,11/29/2021,1108500.0,723531_0.csv,695962.0,369500.0,4434000.0,6.371037499173808,-0.02363911809263263,1.0236391180926323,0.02364022532089753,0.030472341916994824,0.0006779290863043055,-269.5124866421901,"('Q4', '2021')",https://www.sec.gov/Archives/edgar/data/723531/000072353121000064/Financial_Report.xlsx,2021-12,0,0.0,0.0,63.85108979490072,"Q4,2021"
828,828,723531,8/30/2021,1082900.0,723531_0.csv,679890.0,360966.66666666674,4331600.0,6.371030607892452,-0.05217626803884397,1.0521762680388442,0.05217644772638943,0.02976860537836148,0.0006622735242548217,-122.10590844000907,"('Q3', '2021')",https://www.sec.gov/Archives/edgar/data/723531/000072353121000050/Financial_Report.xlsx,2021-09,0,0.0,0.0,62.63558033451597,"Q3,2021"
829,829,723531,5/30/2021,1029200.0,723531_0.csv,646175.0,343066.66666666674,4116800.0,6.371029519866909,0.07420938692295237,0.9257906130770476,-0.07421066834577672,0.02829240802974386,0.0006294321059809077,85.85207052689448,"('Q2', '2021')",,2021-06,0,-0.0,-0.0,64.01087300749498,"Q2,2021"
830,830,723531,2/27/2021,1111700.0,723531_0.csv,697971.0,370566.66666666674,4446800.0,6.3710383382690665,,,,0.030560308984323995,0.000679886031560491,,"('Q1', '2021')",https://www.sec.gov/Archives/edgar/data/723531/000072353121000035/Financial_Report.xlsx,2021-03,0,,,64.21433182698514,"Q1,2021"
831,831,727634,ttm,1117.0,727634_0.csv,28277.0,372.33333333333326,4468.0,0.15800827527672667,-2.5532797185222416,3.5532797185222416,2.9609929078014177,2.5991855730075625e-05,2.5983537113169023e-05,-0.061884435978748514,"('-1', 'ttm')",,2021-ttm,107,,,64.61360634081902,"-1,ttm"
832,832,727634,9/29/2021,282.0,727634_0.csv,7958.0,94.0,1128.0,0.14174415682332245,-0.05222795187095068,1.0522279518709508,0.052238805970149314,7.752097808382986e-06,7.75180206506916e-06,-2.713952045708324,"('Q3', '2021')",https://www.sec.gov/Archives/edgar/data/727634/000121390021059154/Financial_Report.xlsx,2021-09,15,0.0379746835443038,0.0005755999003915283,65.97409679618269,"Q3,2021"
833,833,727634,6/29/2021,268.0,727634_0.csv,7563.0,89.33333333333331,1072.0,0.1417426946978712,-0.034751676015870835,1.0347516760158708,0.03474903474903475,7.3672418888178745e-06,7.367036820572765e-06,-4.078729746247012,"('Q2', '2021')",https://www.sec.gov/Archives/edgar/data/727634/000121390021042866/Financial_Report.xlsx,2021-06,22,0.08661417322834647,0.001258454709018548,68.82581677960877,"Q2,2021"
834,834,727634,3/30/2021,259.0,727634_0.csv,7309.0,86.33333333333331,1036.0,0.14174305650567792,0.2647620963685746,0.7352379036314254,-0.15635179153094464,7.119834511954587e-06,7.119618157023184e-06,0.5353600777822736,"('Q1', '2021')",https://www.sec.gov/Archives/edgar/data/727634/000121390021020616/Financial_Report.xlsx,2021-03,49,-0.018617021276595744,-0.0002769849507005708,67.21311475409836,"Q1,2021"
835,835,727634,12/30/2020,307.0,727634_0.csv,9941.0,102.33333333333331,1228.0,0.12352882003822553,,,,1.017516530500638e-05,1.0175025588536335e-05,,"('Q4', '2020')",,2020-12,21,,,69.88768012004326,"Q4,2020"
836,836,736012,ttm,7212.0,736012_0.csv,182577.0,2404.0,28848.0,0.15800456793572026,-2.5567179007655896,3.5567179007655896,2.964815832875206,0.00016781849912739965,0.0001677687256608219,-0.06179976597668715,"('-1', 'ttm')",,2021-ttm,12064,,,69.68495406482927,"-1,ttm"
837,837,736012,9/29/2021,1819.0,736012_0.csv,51333.0,606.3333333333334,7276.0,0.14174118013753334,0.07195415182687613,0.9280458481731241,-0.07193877551020407,5.00037798349243e-05,5.000292226767972e-05,1.9698818836551213,"('Q3', '2021')",https://www.sec.gov/Archives/edgar/data/736012/000168316821005474/Financial_Report.xlsx,2021-09,3782,-0.950251256281407,-0.013827563202425723,68.72152687862658,"Q3,2021"
838,838,736012,6/29/2021,1960.0,736012_0.csv,55313.0,653.3333333333334,7840.0,0.1417388317393741,-0.05831818616665072,1.0583181861666506,0.05831533477321814,5.3879828739115795e-05,5.387979738944087e-05,-2.4304396459509143,"('Q2', '2021')",https://www.sec.gov/Archives/edgar/data/736012/000168316821003539/Financial_Report.xlsx,2021-06,3652,1.198162729658793,0.017869973596974637,67.04893676293064,"Q2,2021"
839,839,736012,3/30/2021,1852.0,736012_0.csv,52265.0,617.3333333333334,7408.0,0.1417392136228834,-0.0215589695477112,1.0215589695477112,0.17215189873417738,5.0910940216756345e-05,5.0910773426845896e-05,-6.574489254192168,"('Q1', '2021')",https://www.sec.gov/Archives/edgar/data/736012/000168316821001903/Financial_Report.xlsx,2021-03,2689,2.4378966455122395,0.02764525757859964,88.18498574596136,"Q1,2021"
840,840,736012,12/30/2020,1580.0,736012_0.csv,51162.0,526.6666666666666,6320.0,0.12352918181462805,,,,5.236730026680808e-05,5.236642784032753e-05,,"('Q4', '2020')",https://www.sec.gov/Archives/edgar/data/736012/000168316821000836/Financial_Report.xlsx,2020-12,1941,,,87.6642335766423,"Q4,2020"
841,841,746210,ttm,9689.0,746210_0.csv,245284.0,3229.666666666666,38756.0,0.15800459875083578,-3.831373475940042,4.831373475940042,4.385769872151196,0.000225456660849331,0.00022538974846223261,-0.04123967546966137,"('-1', 'ttm')",,2021-ttm,2221,,,88.13214739517153,"-1,ttm"
842,842,746210,9/29/2021,1799.0,746210_0.csv,50769.0,599.6666666666666,7196.0,0.14174003821229492,0.12200816270060875,0.8779918372993912,-0.1220107369448512,4.9453985664117e-05,4.9453535943892465e-05,1.1617258638678585,"('Q3', '2021')",https://www.sec.gov/Archives/edgar/data/746210/000074621021000062/Financial_Report.xlsx,2021-09,438,-0.062083628632175765,-0.0007021253783674259,88.4224250325945,"Q3,2021"
843,843,746210,6/29/2021,2049.0,746210_0.csv,57824.0,683.0,8196.0,0.14174045379081351,-0.06830232601104809,1.068302326011048,0.0683003128258602,5.63264127992083e-05,5.632573543736606e-05,-2.075192194302235,"('Q2', '2021')",https://www.sec.gov/Archives/edgar/data/746210/000074621021000055/Financial_Report.xlsx,2021-06,572,0.15472004327833375,0.0017472000260320805,88.55313700384123,"Q2,2021"
844,844,746210,3/30/2021,1918.0,746210_0.csv,54127.0,639.3333333333334,7672.0,0.14174072089714929,0.573910510737452,0.4260894892625479,-0.5110884527147591,5.272526098042046e-05,5.272452756672512e-05,0.2469735581511099,"('Q1', '2021')",https://www.sec.gov/Archives/edgar/data/746210/000074621021000034/Financial_Report.xlsx,2021-03,527,-0.00722858514505178,-8.11231012573016e-05,89.10637084897147,"Q1,2021"
845,845,746210,12/30/2020,3923.0,746210_0.csv,127032.0,1307.6666666666667,15692.0,0.12352792997040116,,,,0.0001300233664219545,0.00013002251791197544,,"('Q4', '2020')",https://www.sec.gov/Archives/edgar/data/746210/000074621021000024/Financial_Report.xlsx,2020-12,684,,,89.66526037015366,"Q4,2020"
846,846,769397,ttm,4386400.0,769397_0.csv,4870000.0,1462133.333333333,17545600.0,3.6027926078028747,0.09491565617499834,0.9050843438250016,2.620336744800264,0.10206864456079116,0.004475008867317365,37.95783280642677,"('-1', 'ttm')",,2021-ttm,1623100,,,90.38201436686606,"-1,ttm"
847,847,769397,1/30/2022,1211600.0,769397_0.csv,5380714.0,403866.66666666674,4846400.0,0.9006983088118046,-0.07621232331608623,1.0762123233160863,0.07621247113163973,0.02819313554392088,0.004944300382443263,-11.81827648891125,"('Q4', '2021')",,2021-12,427800,1.122725614572863,0.01257683819088284,89.26930580905028,"Q4,2021"
848,848,769397,10/30/2021,1125800.0,769397_0.csv,4999677.0,375266.66666666674,4503200.0,0.9006981851027577,-0.06237613222082618,1.0623761322208265,0.0623761441917525,0.030947913874743143,0.004870131502045586,-14.439788955077793,"('Q3', '2021')",https://www.sec.gov/Archives/edgar/data/769397/000076939721000094/Financial_Report.xlsx,2021-09,419400,1.4287174246295349,0.0164559010683582,86.82097800020853,"Q3,2021"
849,849,769397,7/30/2021,1059700.0,769397_0.csv,4706127.0,353233.33333333326,4238800.0,0.9006981749536296,-0.07116158489397928,1.0711615848939793,0.07116142727180823,0.029130844140225005,0.004584187609585039,-12.657084244196401,"('Q2', '2021')",https://www.sec.gov/Archives/edgar/data/769397/000076939721000075/Financial_Report.xlsx,2021-06,398800,1.2755599765870134,0.015172610107072191,84.06991068678782,"Q2,2021"
850,850,769397,4/29/2021,989300.0,769397_0.csv,4393480.0,329766.66666666674,3957200.0,0.9006983074920109,0.04801774008111658,0.9519822599188834,-0.04801770592763658,0.02719556865898329,0.004279641535164621,18.75761553897491,"('Q1', '2021')",https://www.sec.gov/Archives/edgar/data/769397/000076939721000034/Financial_Report.xlsx,2021-03,377100,-1.7016687273810276,-0.04728306887702377,35.98896534839595,"Q1,2021"
851,851,769397,1/30/2021,1039200.0,769397_0.csv,4615086.0,346400.0,4156800.0,0.9006982751784041,,,,0.028567305115147518,0.004495505552308592,,"('Q4', '2020')",https://www.sec.gov/Archives/edgar/data/769397/000076939721000014/Financial_Report.xlsx,2020-12,388800,,,33.46861573898135,"Q4,2020"
852,852,78749,ttm,152414.0,78749_0.csv,1500.0,50804.66666666666,609656.0,406.43733333333336,0.034127495170637484,0.9658725048293624,2.8624936644703483,0.0035465735892961023,1.3783394868533979e-06,11909.380729559749,"('-1', 'ttm')",,2021-ttm,16336,,,34.10581280929705,"-1,ttm"
853,853,78749,12/30/2021,39460.0,78749_0.csv,1553.0,13153.333333333336,157840.0,101.63554410817773,-0.04158283031522468,1.0415828303152246,0.04138076638868372,0.0010847438990028108,1.5127605688681082e-06,-2444.1709075047256,"('Q4', '2021')",,2021-12,3943,63.596774193548384,1.7098359255911917,37.19466484572735,"Q4,2021"
854,854,78749,9/29/2021,37892.0,78749_0.csv,1491.0,12630.666666666664,151568.0,101.65526492287056,0.021653543307086614,0.9783464566929134,-0.021510652033570138,0.001041640036011518,1.4523670368205728e-06,4694.624961892568,"('Q3', '2021')",https://www.sec.gov/Archives/edgar/data/78749/000156459021052677/Financial_Report.xlsx,2021-09,3423,-103.72727272727272,-2.8340911939634066,36.59983593619396,"Q3,2021"
855,855,78749,6/29/2021,38725.0,78749_0.csv,1524.0,12908.333333333336,154900.0,101.64041994750656,-0.06573426573426573,1.0657342657342657,0.06574746807573761,0.0010645389632256423,1.484511981297487e-06,-1546.2319204780256,"('Q2', '2021')",https://www.sec.gov/Archives/edgar/data/78749/000156459021039159/Financial_Report.xlsx,2021-06,3052,32.46808510638298,0.8990420493861493,36.114089578514864,"Q2,2021"
856,856,78749,3/30/2021,36336.0,78749_0.csv,1430.0,12112.0,145344.0,101.63916083916084,0.009009009009009007,0.990990990990991,-0.009243353783231085,0.0009988660495227099,1.3929475939996105e-06,11281.946853146854,"('Q1', '2021')",,2021-03,5918,-455.23076923076917,-12.605350835193054,36.114089578514864,"Q1,2021"
857,857,78749,12/30/2020,36675.0,78749_0.csv,1443.0,12225.0,146700.0,101.66320166320166,,,,0.0012155510995475866,1.4769703172978503e-06,,"('Q4', '2020')",https://www.sec.gov/Archives/edgar/data/78749/000156459021029319/Financial_Report.xlsx,2020-12,3327,,,89.72620709687695,"Q4,2020"
858,858,789019,ttm,184903000.0,789019_0.csv,75000000.0,61634333.33333334,739612000.0,9.861493333333334,0.10636888749169997,0.8936311125083001,2.5745244355088155,4.3025712623618375,0.0689169743426699,92.71031751744921,"('-1', 'ttm')",,2021-ttm,20865000,,,90.98023895394265,"-1,ttm"
859,859,789019,12/30/2021,51728000.0,789019_0.csv,83927248.0,17242666.666666668,206912000.0,2.4653733433508984,-0.1414700881372194,1.1414700881372193,0.1414700884877641,1.421987643376011,0.0817526280927333,-17.426817045307846,"('Q4', '2021')",,2021-12,5379000,0.517128499558244,0.005758760726802558,89.79857370204887,"Q4,2021"
860,860,789019,9/29/2021,45317000.0,789019_0.csv,73525578.0,15105666.666666664,181268000.0,2.465373342593784,0.018092385315227333,0.9819076146847728,-0.0180923903622812,1.2457511219237298,0.07162047340736412,136.26579909940457,"('Q3', '2021')",https://www.sec.gov/Archives/edgar/data/789019/000156459021051992/Financial_Report.xlsx,2021-09,4547000,-3.3563041238178752,-0.037514824988561464,89.46607440768379,"Q3,2021"
861,861,789019,6/29/2021,46152000.0,789019_0.csv,74880342.0,15384000.0,184608000.0,2.4653733552659256,-0.10660336829728836,1.1066033682972884,0.10660336642209754,1.2687050285549348,0.07294013442431327,-23.126599043199626,"('Q2', '2021')",https://www.sec.gov/Archives/edgar/data/789019/000156459021039151/Financial_Report.xlsx,2021-06,5857000,0.8119484656017762,0.009164960122808609,88.59268940855513,"Q2,2021"
862,862,789019,3/30/2021,41706000.0,789019_0.csv,67666830.0,13902000.0,166824000.0,2.465373359443616,0.03180425212517619,0.9681957478748238,-0.03180425294827742,1.1464857843844711,0.0659135300993571,77.5170989633814,"('Q1', '2021')",https://www.sec.gov/Archives/edgar/data/789019/000156459021020891/Financial_Report.xlsx,2021-03,5082000,-2.286318932043421,-0.025312684696661786,90.3230518391018,"Q1,2021"
863,863,789019,12/30/2020,43076000.0,789019_0.csv,69889617.0,14358666.666666664,172304000.0,2.465373361539526,,,,1.4277049533500157,0.07153492016376663,,"('Q4', '2020')",https://www.sec.gov/Archives/edgar/data/789019/000156459021002316/Financial_Report.xlsx,2020-12,4947000,,,76.46882771961646,"Q4,2020"
864,864,796343,ttm,15785000.0,796343_0.csv,12000000.0,5261666.666666667,63140000.0,5.261666666666667,0.03984184274833751,0.9601581572516624,2.840632603406326,0.3673065735892961,0.011026715894827184,132.0638380082513,"('-1', 'ttm')",,2021-ttm,4321000,,,78.53245274707548,"-1,ttm"
865,865,796343,11/29/2021,4110000.0,796343_0.csv,12497941.0,1370000.0,16440000.0,1.3154166754347776,-0.0444727009248867,1.0444727009248866,0.04447268106734428,0.11298270210090094,0.012174109682446912,-29.57807032355611,"('Q4', '2021')",,2021-12,1131000,2.125336605587512,0.027118434629757642,78.37239260319747,"Q4,2021"
866,866,796343,8/30/2021,3935000.0,796343_0.csv,11965790.0,1311666.666666667,15740000.0,1.3154167004435144,-0.02607560610353341,1.0260756061035334,0.0260756192959584,0.10817200310633708,0.01165574712643678,-50.44625598425753,"('Q3', '2021')",https://www.sec.gov/Archives/edgar/data/796343/000079634321000210/Financial_Report.xlsx,2021-09,1068000,3.512164321935242,0.04640693976218813,75.68187732122158,"Q3,2021"
867,867,796343,5/30/2021,3835000.0,796343_0.csv,11661704.0,1278333.333333333,15340000.0,1.3154166835309828,0.017925710788202414,0.9820742892117976,-0.01792573623559551,0.10542303225230054,0.011359540229885057,73.38156344666167,"('Q2', '2021')",https://www.sec.gov/Archives/edgar/data/796343/000079634321000159/Financial_Report.xlsx,2021-06,1073000,-5.0408719346049065,-0.06873069626226673,73.34236678426248,"Q2,2021"
868,868,796343,2/27/2021,3905000.0,796343_0.csv,11874564.0,1301666.666666667,15620000.0,1.3154167176159055,,,,0.10734731185012612,0.01156688486265342,,"('Q1', '2021')",https://www.sec.gov/Archives/edgar/data/796343/000079634321000069/Financial_Report.xlsx,2021-03,1049000,,,71.3431536358806,"Q1,2021"
869,869,807863,ttm,126294.0,807863_0.csv,80000000.0,42098.0,505176.0,0.0063147,0.02769992962735165,0.9723000703726484,2.8892002586764387,0.0029387783595113447,0.07351143929884789,0.2279680881847691,"('-1', 'ttm')",,2021-ttm,33550,,,29.10211490565241,"-1,ttm"
870,870,807863,12/30/2021,32473.0,807863_0.csv,82279126.0,10824.333333333334,129892.0,0.0015786750092605505,0.02398485428566599,0.976015145714334,-0.023984851672627813,0.0008926733054312793,0.0801472102084551,0.06581966229430088,"('Q4', '2021')",,2021-12,8438,-0.00417320120339336,-0.00013781733944302882,30.28066874791532,"Q4,2021"
871,871,807863,9/29/2021,33271.0,807863_0.csv,84301075.0,11090.333333333336,133084.0,0.0015786750050340401,-0.046982186228904696,1.0469821862289046,0.04698218893574183,0.0009146100928464906,0.08211676894603545,-0.03360156543891942,"('Q3', '2021')",https://www.sec.gov/Archives/edgar/data/807863/000080786321000098/Financial_Report.xlsx,2021-09,8449,0.002233460457387536,6.03683231963089e-05,36.997225351525024,"Q3,2021"
872,872,807863,6/29/2021,31778.0,807863_0.csv,80518156.0,10592.666666666666,127112.0,0.0015786750009525801,-0.10443820261322484,1.1044382026132251,0.10443818857957106,0.0008735679579957254,0.07843186830313657,-0.01511587677163524,"('Q2', '2021')",https://www.sec.gov/Archives/edgar/data/807863/000080786321000084/Financial_Report.xlsx,2021-06,8133,0.0010681665740957325,3.862548288501137e-05,27.654452302271014,"Q2,2021"
873,873,807863,3/30/2021,28773.0,807863_0.csv,72904175.0,9591.0,115092.0,0.001578675021012171,-0.10767630416477633,1.1076763041647764,0.10767631659993848,0.0007909613838319277,0.07101517143970387,-0.014661303926222571,"('Q1', '2021')",https://www.sec.gov/Archives/edgar/data/807863/000080786321000063/Financial_Report.xlsx,2021-03,8530,0.0012036198903478293,5.009162207548015e-05,24.02836722943738,"Q1,2021"
874,874,807863,12/30/2020,25976.0,807863_0.csv,65817220.0,8658.666666666666,103904.0,0.0015786750032894127,,,,0.0008609449314750675,0.06736665301944729,,"('Q4', '2020')",https://www.sec.gov/Archives/edgar/data/807863/000080786321000016/Financial_Report.xlsx,2020-12,7385,,,32.13636118064434,"Q4,2020"
875,875,807882,ttm,1143670.0,807882_0.csv,500000000.0,381223.33333333326,4574680.0,0.00914936,0.17055881527876512,0.8294411847212348,2.3177647362573284,0.02661244909831297,0.4594464956177993,0.05364343077223,"('-1', 'ttm')",,2021-ttm,0,,,61.86750130412103,"-1,ttm"
876,876,807882,1/30/2022,344711.0,807882_0.csv,602815497.0,114903.66666666669,1378844.0,0.002287340001811533,-0.2379459437240545,1.2379459437240543,0.23794594439296984,0.008021198371146015,0.553922935201504,-0.009612855617594208,"('Q4', '2021')",,2021-12,0,0.0,0.0,61.894736842105246,"Q4,2021"
877,877,807882,9/29/2021,278454.0,807882_0.csv,486948158.0,92818.0,1113816.0,0.0022873400005755853,-0.03338553745038052,1.0333855374503804,0.033385536892577006,0.007654619301898852,0.4743309546074421,-0.06851290035318915,"('Q3', '2021')",https://www.sec.gov/Archives/edgar/data/807882/000080788221000016/Financial_Report.xlsx,2021-09,0,0.0,0.0,59.78260869565217,"Q3,2021"
878,878,807882,6/29/2021,269458.0,807882_0.csv,471216347.0,89819.33333333331,1077832.0,0.002287340001810252,-0.047590168006602575,1.0475901680066029,0.047590167057387285,0.007407321883869726,0.45900676699785703,-0.048063289070400216,"('Q2', '2021')",https://www.sec.gov/Archives/edgar/data/807882/000080788221000013/Financial_Report.xlsx,2021-06,0,0.0,0.0,63.13645621181263,"Q2,2021"
879,879,807882,3/30/2021,257217.0,807882_0.csv,449809822.0,85739.0,1028868.0,0.0022873400038827965,0.24021905800094945,0.7597809419990506,-0.24021905766214435,0.007070820361627116,0.4381549016169881,0.00952189232160654,"('Q1', '2021')",https://www.sec.gov/Archives/edgar/data/807882/000080788221000008/Financial_Report.xlsx,2021-03,0,-0.0,-0.0,62.52545824847251,"Q1,2021"
880,880,807882,1/30/2021,338541.0,807882_0.csv,592025671.0,112847.0,1354164.0,0.0022873400028628147,0.0,1.0,-0.0,0.009306393418963776,0.5766858279758426,inf,"('Q4', '2020')",https://www.sec.gov/Archives/edgar/data/807882/000080788221000003/Financial_Report.xlsx,2020-12,0,,,57.84114052953157,"Q4,2020"
881,881,807882,12/30/2020,338541.0,807882_0.csv,592025671.0,112847.0,1354164.0,0.0022873400028628147,,,,0.01122055582254777,0.6059628157625384,,"('Q4', '2020')",https://www.sec.gov/Archives/edgar/data/807882/000080788221000003/Financial_Report.xlsx,2020-12,0,,,75.76422424029947,"Q4,2020"
882,882,813672,ttm,2988244.0,813672_0.csv,75649582.0,996081.3333333336,11952976.0,0.15800452142617258,-2.4676513781434903,3.4676513781434903,2.8655948752710096,0.06953447353112274,0.0695138706897027,-0.06403032568767696,"('-1', 'ttm')",,2021-ttm,560262,,,78.66737791571698,"-1,ttm"
883,883,813672,12/30/2021,773036.0,813672_0.csv,21815798.0,257678.66666666663,3092144.0,0.14173875280656706,-0.02948616103151165,1.0294861610315116,0.0294861465318053,0.021250534331209752,0.02125053380089616,-4.806958513693657,"('Q4', '2021')",,2021-12,148068,0.2369694641828308,0.003231131256400916,73.33947319948425,"Q4,2021"
884,884,813672,9/29/2021,750895.0,813672_0.csv,21190958.0,250298.33333333328,3003580.0,0.14173875480287396,-0.031045522907905423,1.0310455229079054,0.031045538491112763,0.02064188469441753,0.0206418838885642,-4.565513527452347,"('Q3', '2021')",https://www.sec.gov/Archives/edgar/data/813672/000081367221000037/Financial_Report.xlsx,2021-09,143401,0.2247400383967402,0.0033197003812266714,67.69889224572005,"Q3,2021"
885,885,813672,6/29/2021,728285.0,813672_0.csv,20552883.0,242761.66666666663,2913140.0,0.14173875266063646,0.010519994850611405,0.9894800051493886,-0.010519980218143876,0.020020342384319868,0.020020341905318532,13.473272057010453,"('Q2', '2021')",https://www.sec.gov/Archives/edgar/data/813672/000081367221000028/Financial_Report.xlsx,2021-06,135967,-0.6222318833947327,-0.00767627300693593,81.05911330049261,"Q2,2021"
886,886,813672,3/30/2021,736028.0,813672_0.csv,20771398.0,245342.66666666663,2944112.0,0.1417387505645985,0.1558754894078851,0.8441245105921149,-0.03142613128677253,0.020233195197547918,0.020233195012663158,0.9093074934552764,"('Q1', '2021')",https://www.sec.gov/Archives/edgar/data/813672/000081367221000009/Financial_Report.xlsx,2021-03,132826,-0.03462948618911142,-0.0008453338358379846,40.96545615589017,"Q1,2021"
887,887,813672,12/30/2020,759909.0,813672_0.csv,24607031.0,253303.0,3039636.0,0.12352713336281812,,,,0.025186318214208768,0.02518631627430911,,"('Q4', '2020')",,2020-12,146502,,,81.87067192482594,"Q4,2020"
888,888,814547,ttm,1326483.0,814547_0.csv,33580887.0,442161.0,5305932.0,0.1580045220365978,-2.6912912230931982,3.6912912230931982,3.1148991348208988,0.030866387434554974,0.030857241703774636,-0.05870955944150759,"('-1', 'ttm')",,2021-ttm,0,,,77.68541060507096,"-1,ttm"
889,889,814547,12/30/2021,322361.0,814547_0.csv,9097328.0,107453.66666666669,1289444.0,0.14173876109556566,0.0365117836916144,0.9634882163083855,-0.03651177456908275,0.008861609934780667,0.0088616091954023,3.8820004602546585,"('Q4', '2021')",,2021-12,0,-0.0,-0.0,82.08293763849319,"Q4,2021"
890,890,814547,9/29/2021,334577.0,814547_0.csv,9442075.0,111525.66666666669,1338308.0,0.14173875975354994,0.010665801329188544,0.9893341986708114,-0.010665791403496279,0.009197424214309769,0.009197423533995714,13.289086809226498,"('Q3', '2021')",https://www.sec.gov/Archives/edgar/data/814547/000081454721000019/Financial_Report.xlsx,2021-09,0,-0.0,-0.0,86.40045206253531,"Q3,2021"
891,891,814547,6/29/2021,338184.0,814547_0.csv,9543868.0,112728.0,1352736.0,0.14173875833152766,-0.0205907895112528,1.0205907895112527,0.020590835976472745,0.009296579593014866,0.009296578998636276,-6.883599983092822,"('Q2', '2021')",https://www.sec.gov/Archives/edgar/data/814547/000081454721000012/Financial_Report.xlsx,2021-06,0,0.0,0.0,83.39792280266626,"Q2,2021"
892,892,814547,3/30/2021,331361.0,814547_0.csv,9351317.0,110453.66666666669,1325444.0,0.14173875187847873,0.07563246747944857,0.9243675325205514,0.060647090079189836,0.00910901731164395,0.009109017143970388,1.874046379843327,"('Q1', '2021')",https://www.sec.gov/Archives/edgar/data/814547/000081454721000007/Financial_Report.xlsx,2021-03,0,-0.0,-0.0,25.999737110848216,"Q1,2021"
893,893,814547,12/30/2020,312414.0,814547_0.csv,10116449.0,104138.0,1249656.0,0.12352713882114168,,,,0.010354606168072518,0.010354604912998977,,"('Q4', '2020')",https://www.sec.gov/Archives/edgar/data/814547/000081454721000003/Financial_Report.xlsx,2020-12,0,,,16.741228232336304,"Q4,2020"
894,894,814549,ttm,994938.0,814549_0.csv,18000.0,331646.0,3979752.0,221.09733333333332,0.06779222124397949,0.9322077787560206,2.7287755736863213,0.02315155322862129,1.6540073842240774e-05,3261.396798573975,"('-1', 'ttm')",,2021-ttm,14434,,,28.000722521600384,"-1,ttm"
895,895,814549,12/30/2021,266827.0,814549_0.csv,19309.0,88942.33333333331,1067308.0,55.275156662696155,-0.3916396396396397,1.3916396396396395,0.3916374598406141,0.007334996460700027,1.8808688875901032e-05,-141.1377988028909,"('Q4', '2021')",,2021-12,3798,0.6989326463010673,0.0210859508650264,33.1468403191782,"Q4,2021"
896,896,814549,9/29/2021,191736.0,814549_0.csv,13875.0,63912.0,766944.0,55.275243243243246,0.22159887798036465,0.7784011220196354,-0.2216042416024553,0.005270766756695462,1.3515488018702513e-05,249.43828121792683,"('Q3', '2021')",https://www.sec.gov/Archives/edgar/data/814549/000162828021022442/Financial_Report.xlsx,2021-09,3417,-0.8650632911392405,-0.0918061895457359,9.42271207877857,"Q3,2021"
897,897,814549,6/29/2021,246322.0,814549_0.csv,17825.0,82107.33333333331,985288.0,55.275624123422155,0.15078608861362552,0.8492139113863745,-0.15076899739013214,0.006771319987079837,1.736314046366647e-05,366.5830490839277,"('Q2', '2021')",https://www.sec.gov/Archives/edgar/data/814549/000162828021016191/Financial_Report.xlsx,2021-06,3392,-1.0717219589257505,-0.01453516679713182,73.73303477585341,"Q2,2021"
898,898,814549,3/30/2021,290053.0,814549_0.csv,20990.0,96684.33333333331,1160212.0,55.27451167222487,-0.30591675480619673,1.3059167548061967,0.3058627023717335,0.007973472431258547,2.0446132865770503e-05,-180.6848131193147,"('Q1', '2021')",https://www.sec.gov/Archives/edgar/data/814549/000162828021007671/Financial_Report.xlsx,2021-03,3827,0.7783201138905836,0.010598795930522405,73.43476740118923,"Q1,2021"
899,899,814549,12/30/2020,222116.0,814549_0.csv,16073.0,74038.66666666669,888464.0,55.27679960181671,,,,0.007361781813963509,1.6451381780962132e-05,,"('Q4', '2020')",,2020-12,3198,,,75.20585544373284,"Q4,2020"
900,900,816761,ttm,1917000.0,816761_0.csv,1000000.0,639000.0,7668000.0,7.667999999999998,-0.008948363031728399,1.0089483630317284,3.0357894736842104,0.04460732984293194,0.0009188929912355986,-856.9165078362837,"('-1', 'ttm')",,2021-ttm,0,,,74.12587412587413,"-1,ttm"
901,901,816761,12/30/2021,475000.0,816761_0.csv,991131.0,158333.33333333337,1900000.0,1.917001889760284,-0.03260775572417285,1.0326077557241728,0.03260869565217391,0.01305761155667347,0.0009654500292226768,-58.7897525354426,"('Q4', '2021')",,2021-12,0,0.0,0.0,72.00803212851406,"Q4,2021"
902,902,816761,9/29/2021,460000.0,816761_0.csv,959833.0,153333.33333333337,1840000.0,1.9170001448168588,0.06313609242208768,0.9368639075779124,-0.0631364562118125,0.012645265928567993,0.0009349629846093902,30.362983695617675,"('Q3', '2021')",https://www.sec.gov/Archives/edgar/data/816761/000081676121000036/Financial_Report.xlsx,2021-09,0,-0.0,-0.0,70.21500843170321,"Q3,2021"
903,903,816761,6/29/2021,491000.0,816761_0.csv,1024517.0,163666.66666666663,1964000.0,1.9170008891994958,0.0,1.0,-0.0,0.013497446893319314,0.0009979709721410482,inf,"('Q2', '2021')",https://www.sec.gov/Archives/edgar/data/816761/000081676121000029/Financial_Report.xlsx,2021-06,0,,,85.24709302325581,"Q2,2021"
904,904,816761,3/30/2021,491000.0,816761_0.csv,1024517.0,163666.66666666663,1964000.0,1.9170008891994958,0.0,1.0,-0.0,0.013497446893319314,0.0009979709721410482,inf,"('Q1', '2021')",https://www.sec.gov/Archives/edgar/data/816761/000081676121000021/Financial_Report.xlsx,2021-03,0,,,85.04273504273505,"Q1,2021"
905,905,816761,12/30/2020,491000.0,816761_0.csv,1024517.0,163666.66666666663,1964000.0,1.9170008891994958,,,,0.016273635715824537,0.0010486356192425793,,"('Q4', '2020')",https://www.sec.gov/Archives/edgar/data/816761/000081676121000009/Financial_Report.xlsx,2020-12,0,,,85.5491329479769,"Q4,2020"
906,906,823546,ttm,21.256,823546_0.csv,538.0,7.085333333333334,85.024,0.15803717472118958,-1.0378787878787878,2.037878787878788,1.2658565184948298,4.946131471785922e-07,4.943644292847521e-07,-0.1522693946218761,"('-1', 'ttm')",,2021-ttm,0,,,85.13119533527697,"-1,ttm"
907,907,823546,12/30/2021,9.381,823546_0.csv,264.0,3.127,37.524,0.14213636363636364,0.0,1.0,0.0006400000000000716,2.5788095581716593e-07,2.5715955581531266e-07,inf,"('Q4', '2021')",,2021-12,0,,,85.26785714285714,"Q4,2021"
908,908,823546,9/29/2021,9.375,823546_0.csv,264.0,3.125,37.5,0.14204545454545456,-2.771428571428572,3.7714285714285714,2.75,2.577160175659237e-07,2.5715955581531266e-07,-0.05125351452671041,"('Q3', '2021')",https://www.sec.gov/Archives/edgar/data/823546/000149315221029403/Financial_Report.xlsx,2021-09,0,0.0,0.0,86.38497652582159,"Q3,2021"
909,909,823546,6/29/2021,2.5,823546_0.csv,70.0,0.8333333333333334,10.0,0.14285714285714285,-inf,inf,inf,6.8724271350913e-08,6.818624586012079e-08,-0.0,"('Q2', '2021')",https://www.sec.gov/Archives/edgar/data/823546/000149315221017524/Financial_Report.xlsx,2021-06,0,0.0,0.0,79.33414313961532,"Q2,2021"
910,910,823546,3/30/2021,0.0,823546_0.csv,0.0,0.0,0.0,,,,,0.0,0.0,,"('Q1', '2021')",,2021-03,0,,,79.21921869435748,"Q1,2021"
911,911,823546,12/30/2020,0.0,823546_0.csv,0.0,0.0,0.0,,,,,0.0,0.0,,"('Q4', '2020')",https://www.sec.gov/Archives/edgar/data/823546/000149315221003888/Financial_Report.xlsx,2020-12,0,,,79.24769325191664,"Q4,2020"
912,912,827876,ttm,88423.0,827876_0.csv,2238492.0,29474.33333333333,353692.0,0.1580045852296993,-0.9232898039070804,1.9232898039070805,1.1440036855632605,0.002057545084351367,0.002056934609736958,-0.1711321673445024,"('-1', 'ttm')",,2021-ttm,0,,,78.17673090518468,"-1,ttm"
913,913,827876,12/30/2021,41242.0,827876_0.csv,1163887.0,13747.333333333336,164968.0,0.14173884578142038,-0.5193216692752628,1.5193216692752634,0.5193221587769387,0.0011337305596217414,0.0011337297876485484,-0.2729307367035607,"('Q4', '2021')",,2021-12,0,0.0,0.0,80.62994683673138,"Q4,2021"
914,914,827876,9/29/2021,27145.0,827876_0.csv,766057.0,9048.333333333334,108580.0,0.1417388001153961,-1.278033186630189,2.2780331866301893,1.2780295401141324,0.0007462081383282134,0.0007462078706409508,-0.1109038494447246,"('Q3', '2021')",https://www.sec.gov/Archives/edgar/data/827876/000166357721000668/Financial_Report.xlsx,2021-09,0,0.0,0.0,79.76226547022492,"Q3,2021"
915,915,827876,6/29/2021,11916.0,827876_0.csv,336280.0,3972.0,47664.0,0.14173902700130844,-0.4674911521996221,1.467491152199622,0.4674876847290641,0.0003275673669669917,0.0003275667251120203,-0.30319082261643504,"('Q2', '2021')",https://www.sec.gov/Archives/edgar/data/827876/000166357721000429/Financial_Report.xlsx,2021-06,0,0.0,0.0,44.567593656168775,"Q2,2021"
916,916,827876,3/30/2021,8120.0,827876_0.csv,229153.0,2706.6666666666665,32480.0,0.1417393619110376,-2.13405911074032,3.13405911074032,2.5961027457927366,0.00022321643334776543,0.00022321546853691803,-0.06641773004210143,"('Q1', '2021')",https://www.sec.gov/Archives/edgar/data/827876/000166357721000230/Financial_Report.xlsx,2021-03,0,0.0,0.0,43.17047910558961,"Q1,2021"
917,917,827876,12/30/2020,2258.0,827876_0.csv,73117.0,752.6666666666665,9032.0,0.12352804409371282,,,,7.483883797623585e-05,7.483828045035824e-05,,"('Q4', '2020')",,2020-12,0,,,42.66743209538286,"Q4,2020"
918,918,829323,ttm,52997.0,829323_0.csv,1341657.0,17665.666666666668,211988.0,0.15800461667922575,-1.8229483154767416,2.822948315476742,2.1469033905350043,0.0012332053519488074,0.0012328392139421794,-0.08667531346762514,"('-1', 'ttm')",,2021-ttm,33943,,,45.056239559487715,"-1,ttm"
919,919,829323,9/29/2021,16841.0,829323_0.csv,475268.0,5613.666666666668,67364.0,0.14173897674575187,-0.3327799573190054,1.3327799573190051,0.3327793605571384,0.00046295418152829035,0.00046295343853496973,-0.4259240186447882,"('Q3', '2021')",https://www.sec.gov/Archives/edgar/data/829323/000082932321000039/Financial_Report.xlsx,2021-09,10163,0.08564157446342348,0.001750768508807906,48.91656094599087,"Q3,2021"
920,920,829323,6/29/2021,12636.0,829323_0.csv,356599.0,4212.0,50544.0,0.14173904021043246,-0.19005569850057905,1.1900556985005792,0.19005462422301747,0.0003473599571160547,0.0003473592441067602,-0.7457763241442646,"('Q2', '2021')",https://www.sec.gov/Archives/edgar/data/829323/000082932321000033/Financial_Report.xlsx,2021-06,8213,0.1442142230026339,0.0029461326008914136,48.9503503538839,"Q2,2021"
921,921,829323,3/30/2021,10618.0,829323_0.csv,299649.0,3539.333333333333,42472.0,0.1417391681600806,0.2827691689046545,0.7172308310953455,-0.17702681754766705,0.0002918857252815977,0.00029188486265341903,0.5012539687729284,"('Q1', '2021')",https://www.sec.gov/Archives/edgar/data/829323/000082932321000020/Financial_Report.xlsx,2021-03,7306,-0.061843452940230415,-0.0015162894835659296,40.78604620721252,"Q1,2021"
922,922,829323,12/30/2020,12902.0,829323_0.csv,417786.0,4300.666666666667,51608.0,0.12352735611054465,,,,0.0004276220936976949,0.0004276212896622313,,"('Q4', '2020')",https://www.sec.gov/Archives/edgar/data/829323/000082932321000010/Financial_Report.xlsx,2020-12,8261,,,40.26636730111753,"Q4,2020"
923,923,837852,ttm,98901.0,837852_0.csv,56.0,32967.0,395604.0,7064.357142857143,0.08196721311475409,0.918032786885246,2.6566347469220246,0.002301361256544503,5.1458007509193534e-08,86185.15714285715,"('-1', 'ttm')",,2021-ttm,0,,,40.432032590051456,"-1,ttm"
924,924,837852,9/29/2021,27047.0,837852_0.csv,61.0,9015.666666666666,108188.0,1773.5737704918033,0.18666666666666668,0.8133333333333334,-0.1857482614323992,0.0007435141468912575,5.9419442820962404e-08,9501.288056206093,"('Q3', '2021')",https://www.sec.gov/Archives/edgar/data/837852/000162828021023993/Financial_Report.xlsx,2021-09,0,-0.0,-0.0,39.30596070229512,"Q3,2021"
925,925,837852,6/29/2021,33217.0,837852_0.csv,75.0,11072.333333333336,132868.0,1771.573333333333,-0.013513513513513514,1.0135135135135136,0.015530893637836737,0.0009131256485853108,7.305669199298655e-08,-131096.42666666667,"('Q2', '2021')",https://www.sec.gov/Archives/edgar/data/837852/000162828021017110/Financial_Report.xlsx,2021-06,0,0.0,0.0,42.970510188754815,"Q2,2021"
926,926,837852,3/30/2021,32709.0,837852_0.csv,74.0,10903.0,130836.0,1768.054054054054,-1.96,2.96,1.9550094859517573,0.0008991608766468055,7.208260276641341e-08,-902.0683949255375,"('Q1', '2021')",https://www.sec.gov/Archives/edgar/data/837852/000110465921068054/Financial_Report.xlsx,2021-03,0,0.0,0.0,40.88516279976604,"Q1,2021"
927,927,837852,12/30/2020,11069.0,837852_0.csv,25.0,3689.666666666666,44276.0,1771.04,,,,0.0003668693966160118,2.5588536335721604e-08,,"('Q4', '2020')",https://www.sec.gov/Archives/edgar/data/837852/000110465921044740/Financial_Report.xlsx,2020-12,0,,,44.08428665245136,"Q4,2020"
928,928,843006,ttm,21883.0,843006_0.csv,553984.0,7294.333333333332,87532.0,0.15800456330868762,-2.433068719130925,3.433068719130925,2.8270374256733124,0.0005092030250145433,0.0005090520148566619,-0.06494044416679104,"('-1', 'ttm')",,2021-ttm,5079,,,85.2348803812442,"-1,ttm"
929,929,843006,12/30/2021,5718.0,843006_0.csv,161367.0,1906.0,22872.0,0.1417390172711893,-0.046295395747826255,1.0462953957478265,0.04629460201280874,0.00015718615343380822,0.00015718585622443015,-3.0616223272666265,"('Q4', '2021')",,2021-12,1446,0.20252100840336126,0.002383816936491685,84.9566110984243,"Q4,2021"
930,930,843006,9/29/2021,5465.0,843006_0.csv,154227.0,1821.666666666667,21860.0,0.1417391247965661,0.04457852970146757,0.9554214702985324,-0.044580419580419584,0.00015023125717309585,0.00015023085914669785,3.1795379018949546,"('Q3', '2021')",https://www.sec.gov/Archives/edgar/data/843006/000165495421011699/Financial_Report.xlsx,2021-09,1349,-0.18746525847693168,-0.0021700654114986248,86.38691602732384,"Q3,2021"
931,931,843006,6/29/2021,5720.0,843006_0.csv,161423.0,1906.666666666667,22880.0,0.14173940516531106,-0.14859114842749396,1.1485911484274942,0.1485943775100402,0.000157241132850889,0.00015724040522111825,-0.9538886176283488,"('Q2', '2021')",https://www.sec.gov/Archives/edgar/data/843006/000165495421008567/Financial_Report.xlsx,2021-06,1210,0.057941866590049323,0.0006878582018339142,84.235190385997,"Q2,2021"
932,932,843006,3/30/2021,4980.0,843006_0.csv,140540.0,1660.0,19920.0,0.14173900668848727,0.08513325261362599,0.914866747386374,0.04974704890387864,0.0001368987485310187,0.0001368984999025911,1.6649076869148216,"('Q1', '2021')",https://www.sec.gov/Archives/edgar/data/843006/000165495421005233/Financial_Report.xlsx,2021-03,1074,-0.08212264872304634,-0.0009642686866104867,85.16573218997362,"Q1,2021"
933,933,843006,12/30/2020,4744.0,843006_0.csv,153618.0,1581.333333333333,18976.0,0.12352719082399198,,,,0.00015723447624413768,0.00015723439099283521,,"('Q4', '2020')",https://www.sec.gov/Archives/edgar/data/843006/000165495421002389/Financial_Report.xlsx,2020-12,993,,,80.57059465306465,"Q4,2020"
934,934,849399,ttm,2752000.0,849399_0.csv,50000000.0,917333.3333333336,11008000.0,0.22016,0.019943003413283703,0.9800569965867164,2.92022792022792,0.0640372309482257,0.04594464956177993,11.039460578608491,"('-1', 'ttm')",,2021-ttm,614000,,,79.61057674226186,"-1,ttm"
935,935,849399,12/30/2021,702000.0,849399_0.csv,51017441.0,234000.0,2808000.0,0.05504000092830999,-0.014450863546393085,1.0144508635463931,0.014450867052023163,0.019297775395336367,0.049695539645431525,-3.8087689882067917,"('Q4', '2021')",,2021-12,160000,0.22016005636097444,0.0027133540271286924,81.13945108517622,"Q4,2021"
936,936,849399,9/29/2021,692000.0,849399_0.csv,50290697.0,230666.66666666663,2768000.0,0.05504000073810869,-0.00874634545130002,1.0087463454513,0.008746355685131196,0.01902287830993272,0.04898762614455484,-6.292914114194717,"('Q3', '2021')",https://www.sec.gov/Archives/edgar/data/849399/000084939921000022/Financial_Report.xlsx,2021-09,150000,0.34400040362714024,0.004292630077980968,80.1374442656238,"Q3,2021"
937,937,849399,6/29/2021,686000.0,849399_0.csv,49854651.0,228666.66666666663,2744000.0,0.05504000017972245,-0.020833336319444458,1.0208333363194444,0.02083333333333329,0.018857940058690528,0.048562878433664525,-2.6419196299515284,"('Q2', '2021')",https://www.sec.gov/Archives/edgar/data/849399/000084939921000014/Financial_Report.xlsx,2021-06,156000,0.15332569325819065,0.001881154896451091,81.50615005040179,"Q2,2021"
938,938,849399,3/30/2021,672000.0,849399_0.csv,48837209.0,224000.0,2688000.0,0.055040000340723816,-0.051643197037624856,1.0516431970376248,0.051643192488262914,0.018473084139125413,0.04757179914280149,-1.0657744581657909,"('Q1', '2021')",,2021-03,148000,0.061711510364197975,0.0007388958011075664,83.51855602873319,"Q1,2021"
939,939,849399,12/30/2020,639000.0,849399_0.csv,46438953.0,213000.0,2556000.0,0.05504000057882442,,,,0.02117892713322175,0.047532193449334695,,"('Q4', '2020')",https://www.sec.gov/Archives/edgar/data/849399/000084939921000010/Financial_Report.xlsx,2020-12,140000,,,79.77938899147381,"Q4,2020"
940,940,857005,ttm,1835830.0,857005_0.csv,46475379.0,611943.3333333335,7343320.0,0.15800452106049528,-2.5979135445650696,3.5979135445650696,3.010805709154704,0.04271855730075625,0.042705900028118124,-0.06081977646679064,"('-1', 'ttm')",,2021-ttm,518530,,,79.76910147962418,"-1,ttm"
941,941,857005,12/30/2021,457721.0,857005_0.csv,12917314.0,152573.66666666663,1830884.0,0.1417387546667984,0.04771406431758469,0.9522859356824152,-0.04771405685991003,0.0125826168828045,0.012582616403662577,2.9705864862692395,"('Q4', '2021')",,2021-12,125476,-0.1938694630411036,-0.0024345707412867434,79.63188736041317,"Q4,2021"
942,942,857005,9/29/2021,480655.0,857005_0.csv,13564533.0,160218.33333333337,1922620.0,0.14173875355679402,-0.10325980780088878,1.1032598078008888,0.1032598216990921,0.013213065858469236,0.013213065458796023,-1.3726420431665192,"('Q3', '2021')",https://www.sec.gov/Archives/edgar/data/857005/000156459021057806/Financial_Report.xlsx,2021-09,129464,0.10197428273241044,0.0012651640428995128,80.60162893873034,"Q3,2021"
943,943,857005,6/29/2021,435668.0,857005_0.csv,12294958.0,145222.66666666663,1742672.0,0.14173875177125453,0.05655661247495013,0.9434433875250501,-0.05655662267072351,0.011976386340363826,0.011976386128969414,2.5061393454926777,"('Q2', '2021')",https://www.sec.gov/Archives/edgar/data/857005/000156459021040209/Financial_Report.xlsx,2021-06,134412,-0.1823658224859778,-0.0023052323463732282,79.10951916534141,"Q2,2021"
944,944,857005,3/30/2021,461785.0,857005_0.csv,13032004.0,153928.33333333337,1847140.0,0.14173875330302232,0.06199389288537845,0.9380061071146216,0.07629646894301377,0.012694335058312543,0.012694334697058251,2.2863341323811603,"('Q1', '2021')",https://www.sec.gov/Archives/edgar/data/857005/000156459021023320/Financial_Report.xlsx,2021-03,129178,-0.14998026239405549,-0.0019090226726562046,78.56389792656245,"Q1,2021"
945,945,857005,12/30/2020,429050.0,857005_0.csv,13893304.0,143016.66666666663,1716200.0,0.123527132206997,,,,0.014220373531312662,0.014220372569089047,,"('Q4', '2020')",https://www.sec.gov/Archives/edgar/data/857005/000156459021004303/Financial_Report.xlsx,2020-12,124725,,,61.216870004206974,"Q4,2020"
946,946,860731,ttm,1592287.0,860731_0.csv,500.0,530762.3333333335,6369148.0,12738.296,0.08088235294117647,0.9191176470588236,2.6727822538791384,0.03705147178592205,4.594464956177993e-07,157491.65963636362,"('-1', 'ttm')",,2021-ttm,0,,,62.80017051105954,"-1,ttm"
947,947,860731,12/30/2021,433537.0,860731_0.csv,544.0,144512.33333333337,1734148.0,3187.7720588235293,0.057192374350086665,0.9428076256499134,-0.057267984856688624,0.011917805771464307,5.299045392557961e-07,55737.71145276292,"('Q4', '2021')",,2021-12,0,-0.0,-0.0,60.44157722039931,"Q4,2021"
948,948,860731,9/29/2021,459873.0,860731_0.csv,577.0,153291.0,1839492.0,3188.027729636049,-0.13806706114398426,1.1380670611439845,0.13808822619563207,0.012641774735583368,5.620494837327099e-07,-23090.429413221093,"('Q3', '2021')",https://www.sec.gov/Archives/edgar/data/860731/000086073121000039/Financial_Report.xlsx,2021-09,0,0.0,0.0,57.9275396085741,"Q3,2021"
949,949,860731,6/29/2021,404075.0,860731_0.csv,507.0,134691.66666666663,1616300.0,3187.9684418145957,-0.3702702702702703,1.3702702702702705,0.3706657349678767,0.011107903978448068,4.93863237872589e-07,-8609.841777163507,"('Q2', '2021')",https://www.sec.gov/Archives/edgar/data/860731/000086073121000034/Financial_Report.xlsx,2021-06,0,0.0,0.0,63.084536915463076,"Q2,2021"
950,950,860731,3/30/2021,294802.0,860731_0.csv,370.0,98267.33333333331,1179208.0,3187.0486486486493,-0.04225352112676056,1.0422535211267605,0.04065517058792383,0.008104021057116741,3.60413013832067e-07,-75426.81801801802,"('Q1', '2021')",https://www.sec.gov/Archives/edgar/data/860731/000086073121000025/Financial_Report.xlsx,2021-03,0,0.0,0.0,59.78942243320553,"Q1,2021"
951,951,860731,12/30/2020,283285.0,860731_0.csv,355.0,94428.33333333331,1133140.0,3191.9436619718317,,,,0.009389158643090334,3.6335721596724656e-07,,"('Q4', '2020')",https://www.sec.gov/Archives/edgar/data/860731/000086073121000014/Financial_Report.xlsx,2020-12,0,,,74.66490617372864,"Q4,2020"
952,952,8670,ttm,15279000.0,8670_0.csv,386799058.0,5093000.0,61116000.0,0.15800452130366874,-2.4969902982060317,3.496990298206032,2.8983007603204567,0.3555322862129145,0.3554269434127318,-0.06327798767067194,"('-1', 'ttm')",,2021-ttm,0,,,75.96887159533074,"-1,ttm"
953,953,8670,12/30/2021,3919400.0,8670_0.csv,110609131.0,1306466.666666667,15677600.0,0.14173875030263094,-0.050439537992529405,1.050439537992529,0.05043953687821625,0.10774316365310736,0.10774316286771868,-2.8100723349929155,"('Q4', '2021')",,2021-12,0,0.0,0.0,73.5980910175558,"Q4,2021"
954,954,8670,9/29/2021,3731200.0,8670_0.csv,105297951.0,1243733.333333333,14924800.0,0.1417387504529884,-0.02680389649334477,1.0268038964933448,0.02680389674720665,0.10256960050581064,0.10256959964932788,-5.287990516161751,"('Q3', '2021')",https://www.sec.gov/Archives/edgar/data/8670/000000867021000035/Financial_Report.xlsx,2021-09,0,0.0,0.0,73.07560137457044,"Q3,2021"
955,955,8670,6/29/2021,3633800.0,8670_0.csv,102549232.0,1211266.666666667,14535200.0,0.1417387504179456,0.09032194115734234,0.9096780588426576,-0.09032193461172572,0.09989210289397908,0.09989210208455096,1.5692615614962735,"('Q2', '2021')",,2021-06,0,-0.0,-0.0,75.70120622002617,"Q2,2021"
956,956,8670,3/30/2021,3994600.0,8670_0.csv,112731346.0,1331533.333333333,15978400.0,0.14173874939806005,0.030347048349898837,0.9696529516501012,0.11260897418043045,0.10981038973534284,0.10981038963569063,4.670594245734365,"('Q1', '2021')",https://www.sec.gov/Archives/edgar/data/8670/000000867021000027/Financial_Report.xlsx,2021-03,0,-0.0,-0.0,82.10968985456458,"Q1,2021"
957,957,8670,12/30/2020,3590300.0,8670_0.csv,116259478.0,1196766.666666667,14361200.0,0.1235271329878154,,,,0.11899640389108927,0.11899639508700102,,"('Q4', '2020')",https://www.sec.gov/Archives/edgar/data/8670/000000867021000007/Financial_Report.xlsx,2020-12,0,,,78.8627010849233,"Q4,2020"
958,958,869531,ttm,123.34100000000001,869531_0.csv,3122.0,41.11366666666667,493.36400000000003,0.1580281870595772,,,,2.870063990692264e-06,2.868783918637539e-06,,"('-1', 'ttm')",,ttm'-ttm,0,,,79.22272047832584,"-1,ttm"
959,959,876167,ttm,531313.0,876167_0.csv,13450577.0,177104.33333333337,2125252.0,0.1580045227799521,-2.401297444483472,3.4012974444834714,2.7916262274491888,0.012363304246655032,0.012359640933374744,-0.06579964641320789,"('-1', 'ttm')",,2021-ttm,125890,,,81.84303006638031,"-1,ttm"
960,960,876167,11/29/2021,140128.0,876167_0.csv,3954543.0,46709.33333333334,560512.0,0.1417387546424454,0.04944468414720768,0.9505553158527924,-0.049444772312555486,0.003852077878344296,0.0038520777323202814,2.8666126012749515,"('Q4', '2021')",,2021-12,37422,-0.1819233648676241,-0.002121761323623798,85.74167265756051,"Q4,2021"
961,961,876167,8/30/2021,147417.0,876167_0.csv,4160245.0,49139.0,589668.0,0.14173876778891628,-0.2035221199256521,1.203522119925652,0.20352197766311794,0.004052450363895017,0.004052449834404831,-0.6964293013491324,"('Q3', '2021')",https://www.sec.gov/Archives/edgar/data/876167/000087616721000152/Financial_Report.xlsx,2021-09,29737,0.042268876506709116,0.0005509987541321221,76.71319796954315,"Q3,2021"
962,962,876167,5/30/2021,122488.0,876167_0.csv,3456725.0,40829.333333333336,489952.0,0.1417387845431731,-0.009960457355358476,1.0099604573553584,0.009960422163588507,0.0033671594196922525,0.003367158581726086,-14.230148223758135,"('Q2', '2021')",https://www.sec.gov/Archives/edgar/data/876167/000087616721000121/Financial_Report.xlsx,2021-06,29262,0.8583497110674372,0.009953711893143816,86.23413258110014,"Q2,2021"
963,963,876167,2/27/2021,121280.0,876167_0.csv,3422634.0,40426.66666666666,485120.0,0.14173878948201882,,,,0.003333951851775492,0.0033339509059029807,,"('Q1', '2021')",https://www.sec.gov/Archives/edgar/data/876167/000087616721000073/Financial_Report.xlsx,2021-03,29469,,,88.97,"Q1,2021"
964,964,877890,ttm,3217170.0,877890_0.csv,400000.0,1072390.0,12868680.0,32.1717,0.0547154338974319,0.9452845661025681,2.7811336454924973,0.07486143106457242,0.00036755719649423946,587.9821781237853,"('-1', 'ttm')",,2021-ttm,1194657,,,86.52802314955834,"-1,ttm"
965,965,877890,12/30/2021,850848.0,877890_0.csv,423153.0,283616.0,3403392.0,8.042934824992379,-0.093009079285539,1.0930090792855391,0.09300978232245057,0.02338956353215265,0.0004121887784921099,-86.47472791662062,"('Q4', '2021')",,2021-12,304213,8.44848367029549,0.09769722471033712,86.4761890150353,"Q4,2021"
966,966,877890,9/29/2021,778445.0,877890_0.csv,387145.0,259481.66666666663,3113780.0,8.042929651680895,0.0414545616606584,0.9585454383393416,-0.041454924265279115,0.021399226164704587,0.0003771137736216637,194.0179639943913,"('Q3', '2021')",https://www.sec.gov/Archives/edgar/data/877890/000087789021000351/Financial_Report.xlsx,2021-09,290240,-17.335005674013022,-0.20874032034710946,83.04579414838035,"Q3,2021"
967,967,877890,6/29/2021,812111.0,877890_0.csv,403888.0,270703.66666666674,3248444.0,8.042932694212256,-0.046851834572278726,1.0468518345722788,0.046850467795701393,0.022324694692424527,0.00039342294954217806,-171.66740145051,"('Q2', '2021')",https://www.sec.gov/Archives/edgar/data/877890/000087789021000271/Financial_Report.xlsx,2021-06,306920,16.97942022571365,0.1947461301745815,87.18745892661556,"Q2,2021"
968,968,877890,3/30/2021,775766.0,877890_0.csv,385812.0,258588.66666666663,3103064.0,8.042943195131308,0.0418584090576084,0.9581415909423916,-0.04185728259902968,0.02132558123552495,0.0003758153126826417,192.14641397531528,"('Q1', '2021')",https://www.sec.gov/Archives/edgar/data/877890/000087789021000189/Financial_Report.xlsx,2021-03,293284,-17.400415307030553,-0.1912206932437936,90.99650781438278,"Q1,2021"
969,969,877890,12/30/2020,809656.0,877890_0.csv,402667.0,269885.33333333326,3238624.0,8.042933739293263,,,,0.026835125863811874,0.00041214636642784033,,"('Q4', '2020')",https://www.sec.gov/Archives/edgar/data/877890/000087789021000051/Financial_Report.xlsx,2020-12,308098,,,91.30698662433764,"Q4,2020"
970,970,883241,ttm,4504127.0,883241_0.csv,114025268.0,1501375.666666667,18016508.0,0.1580045222958827,-2.545844733755809,3.5458447337558083,2.5458447319632675,0.10480807446189644,0.10477701958896078,-0.06206369155230582,"('-1', 'ttm')",,2021-ttm,722373,,,89.05822673136305,"-1,ttm"
971,971,883241,1/30/2022,1270255.0,883241_0.csv,32157434.0,423418.33333333326,5081020.0,0.1580045223757592,0.011220194757812793,0.9887798052421872,0.10225100419205158,0.02955799883653287,0.029549240718721337,14.082155059361892,"('Q4', '2021')",,2021-12,180510,-0.4946739854264237,-0.005332332685111589,92.7687776885346,"Q4,2021"
972,972,883241,10/30/2021,1152419.0,883241_0.csv,32522341.0,384139.66666666674,4609676.0,0.14173875121720172,-0.09013935349065516,1.0901393534906552,0.09013933953250784,0.031679662426379124,0.03167966199103838,-1.5724402908203232,"('Q3', '2021')",https://www.sec.gov/Archives/edgar/data/883241/000088324121000022/Financial_Report.xlsx,2021-09,197681,0.07351072552800239,0.0008155740618301994,90.13372171625923,"Q3,2021"
973,973,883241,7/30/2021,1057130.0,883241_0.csv,29833196.0,352376.66666666674,4228520.0,0.14173875303202513,-0.03202797682748665,1.0320279768274867,0.032027983360717334,0.029060195589276264,0.02906019481784532,-4.425466953328874,"('Q2', '2021')",https://www.sec.gov/Archives/edgar/data/883241/000088324121000017/Financial_Report.xlsx,2021-06,171428,0.18515862283494844,0.0019723934044538352,93.87509733952885,"Q2,2021"
974,974,883241,4/29/2021,1024323.0,883241_0.csv,28907352.0,341441.0,4097292.0,0.14173875213475104,-0.05565375183071914,1.0556537518307192,0.05565374757425642,0.028158340721192505,0.02815834015195792,-2.5467959925842,"('Q1', '2021')",https://www.sec.gov/Archives/edgar/data/883241/000088324121000012/Financial_Report.xlsx,2021-03,172754,0.11335660999732936,0.002123282903994517,53.38742651018023,"Q1,2021"
975,975,883241,1/30/2021,970321.0,883241_0.csv,27383365.0,323440.33333333326,3881284.0,0.14173875270625064,,,,0.026673841480595702,0.02667384083382037,,"('Q4', '2020')",https://www.sec.gov/Archives/edgar/data/883241/000088324121000009/Financial_Report.xlsx,2020-12,170628,,,65.28493302686853,"Q4,2020"
976,976,884144,ttm,76064.0,884144_0.csv,1925615.0,25354.66666666667,304256.0,0.15800458554799374,-2.231830326872856,3.2318303268728568,2.6027092312793063,0.0017699592786503781,0.001769434127318137,-0.07079596672090345,"('-1', 'ttm')",,2021-ttm,15448,,,49.91953653041519,"-1,ttm"
977,977,884144,12/30/2021,21113.0,884144_0.csv,595828.0,7037.666666666668,84452.0,0.1417388910893748,-0.17418413999684693,1.174184139996847,0.1741838607418942,0.0005803902164127305,0.0005803896356906293,-0.8137301771099282,"('Q4', '2021')",,2021-12,4318,0.04885278544598815,0.0010301891533120687,47.42118016766721,"Q4,2021"
978,978,884144,9/29/2021,17981.0,884144_0.csv,507440.0,5993.666666666668,71924.0,0.141738924798991,-0.04735426638348638,1.0473542663834865,0.04735554520037279,0.0004942924492643067,0.0004942918371322814,-2.9931606088278238,"('Q3', '2021')",https://www.sec.gov/Archives/edgar/data/884144/000088414421000023/Financial_Report.xlsx,2021-09,3897,0.16985572941637972,0.0038536269440449696,44.076848092122326,"Q3,2021"
979,979,884144,6/29/2021,17168.0,884144_0.csv,484497.0,5722.666666666668,68672.0,0.14173875173633685,0.13301540719002194,0.866984592809978,-0.133016866983133,0.0004719433162209897,0.00047194330800701345,1.0655814595511701,"('Q2', '2021')",https://www.sec.gov/Archives/edgar/data/884144/000088414421000007/Financial_Report.xlsx,2021-06,3622,-0.04872667590437625,-0.0007979524829480974,61.06463347836422,"Q2,2021"
980,980,884144,3/30/2021,19802.0,884144_0.csv,558830.0,6600.666666666668,79208.0,0.1417389903906376,-0.05031190032721812,1.050311900327218,0.2051609762035178,0.0005443512085163117,0.0005443502824858757,-2.8172060579862164,"('Q1', '2021')",https://www.sec.gov/Archives/edgar/data/884144/000162828021009694/Financial_Report.xlsx,2021-03,3611,0.13489484104748029,0.0016243566207204956,83.04508956145769,"Q1,2021"
981,981,884144,12/30/2020,16431.0,884144_0.csv,532061.0,5477.0,65724.0,0.12352718955157398,,,,0.0005445867789138757,0.0005445864892528147,,"('Q4', '2020')",https://www.sec.gov/Archives/edgar/data/884144/000162828021004536/Financial_Report.xlsx,2020-12,-,,,79.94858611825192,"Q4,2020"
982,982,892482,ttm,24993.0,892482_0.csv,632716.0,8331.0,99972.0,0.1580045391613299,-2.489518472967532,3.489518472967532,2.8899610894941627,0.0005815706806282723,0.0005813982978426233,-0.06346791191831841,"('-1', 'ttm')",,2021-ttm,16751,,,85.66878980891721,"-1,ttm"
983,983,892482,9/29/2021,6425.0,892482_0.csv,181319.0,2141.6666666666665,25700.0,0.14173914482210911,-0.0951066605464692,1.0951066605464692,0.0951082324867904,0.0001766213773718464,0.00017662088447301772,-1.4903177549048232,"('Q3', '2021')",https://www.sec.gov/Archives/edgar/data/892482/000089248221000054/Financial_Report.xlsx,2021-09,4490,0.2851336762557948,0.00340395740546413,83.76534788540245,"Q3,2021"
984,984,892482,6/29/2021,5867.0,892482_0.csv,165572.0,1955.666666666667,23468.0,0.1417389413668978,-0.008079393588845931,1.008079393588846,0.008075601374570486,0.00016128212000632262,0.00016128190142217032,-17.543264826530617,"('Q2', '2021')",https://www.sec.gov/Archives/edgar/data/892482/000089248221000050/Financial_Report.xlsx,2021-06,5173,3.8982667671439337,0.047357614821872215,82.31552162849873,"Q2,2021"
985,985,892482,3/30/2021,5820.0,892482_0.csv,164245.0,1940.0,23280.0,0.1417394745654358,0.262870427301328,0.737129572698672,-0.1541927045487574,0.0001599901037049255,0.00015998928501850769,0.5391990115455628,"('Q1', '2021')",https://www.sec.gov/Archives/edgar/data/892482/000089248221000021/Financial_Report.xlsx,2021-03,4476,-0.07641876664617908,-0.003275827104663637,23.32808301677013,"Q1,2021"
986,986,892482,12/30/2020,6881.0,892482_0.csv,222817.0,2293.6666666666665,27524.0,0.1235273789701863,,,,0.000228062907048042,0.00022806243602865918,,"('Q4', '2020')",https://www.sec.gov/Archives/edgar/data/892482/000089248221000008/Financial_Report.xlsx,2020-12,2612,,,21.67370284624813,"Q4,2020"
987,987,896878,ttm,11414000.0,896878_0.csv,100000000.0,3804666.666666666,45656000.0,0.45656,-0.06752713339052574,1.0675271333905259,3.2701084923307144,0.26559627690517745,0.09188929912355986,-6.7611340371818125,"('-1', 'ttm')",,2021-ttm,3194000,,,19.886111521964207,"-1,ttm"
988,988,896878,1/30/2022,2673000.0,896878_0.csv,93674434.0,891000.0,10692000.0,0.11414000110211504,-0.33183856565998826,1.3318385656599885,0.33183856502242154,0.06219895287958115,0.08607678086056167,-0.3439624350928104,"('Q4', '2021')",,2021-12,942000,0.0403603156468032,0.0018062895363241426,22.344322344322347,"Q4,2021"
989,989,896878,10/30/2021,2007000.0,896878_0.csv,70334676.0,669000.0,8028000.0,0.11414000115675516,0.21632175268411166,0.7836782473158883,-0.21632174931667314,0.05517184504051297,0.06851225014611337,0.527639961032631,"('Q3', '2021')",https://www.sec.gov/Archives/edgar/data/896878/000089687821000260/Financial_Report.xlsx,2021-09,550000,-0.028328970843514163,-0.0009460186542174313,29.945467478068448,"Q3,2021"
990,990,896878,7/30/2021,2561000.0,896878_0.csv,89749430.0,853666.6666666665,10244000.0,0.1141400006662995,0.3862928348696635,0.6137071651303365,-0.3862928348909658,0.07040114357187527,0.08742395285408143,0.29547532432179513,"('Q2', '2021')",https://www.sec.gov/Archives/edgar/data/896878/000089687821000233/Financial_Report.xlsx,2021-06,845000,-0.014957862991887332,-0.00019111807184674169,78.26503714354182,"Q2,2021"
991,991,896878,4/29/2021,4173000.0,896878_0.csv,146241457.0,1391000.0,16692000.0,0.11414000067026138,-1.6478426616289596,2.6478426616289594,1.6478426395939083,0.11471455373894401,0.14245222774206118,-0.06926632216053281,"('Q1', '2021')",https://www.sec.gov/Archives/edgar/data/896878/000089687821000115/Financial_Report.xlsx,2021-03,857000,0.009416440130960378,0.00013069584406426567,72.04850466653042,"Q1,2021"
992,992,896878,1/30/2021,1576000.0,896878_0.csv,55230418.0,525333.3333333335,6304000.0,0.11414000162012172,,,,0.04332378065961556,0.05379935515293202,,"('Q4', '2020')",https://www.sec.gov/Archives/edgar/data/896878/000089687821000059/Financial_Report.xlsx,2020-12,580000,,,77.54667639725113,"Q4,2020"
993,993,922521,ttm,14180.0,922521_0.csv,600.0,4726.666666666667,56720.0,94.53333333333332,0.06832298136645963,0.9316770186335404,2.7217847769028882,0.0003299592786503781,5.513357947413592e-07,1383.6242424242425,"('-1', 'ttm')",,2021-ttm,5672,,,78.90571015767324,"-1,ttm"
994,994,922521,12/30/2021,3810.0,922521_0.csv,644.0,1270.0,15240.0,23.66459627329193,-0.16036036036036036,1.1603603603603605,0.16052391105696018,0.00010473578953879142,6.273134619131113e-07,-147.57135878288784,"('Q4', '2021')",,2021-12,1405,15.786516853932586,0.1826620051998848,86.42474299270715,"Q4,2021"
995,995,922521,9/29/2021,3283.0,922521_0.csv,555.0,1094.3333333333333,13132.0,23.661261261261266,-0.007259528130671506,1.0072595281306715,0.007364222154034979,9.024871313801895e-05,5.406195207481005e-07,-3259.33873873874,"('Q3', '2021')",https://www.sec.gov/Archives/edgar/data/922521/000162828021022817/Financial_Report.xlsx,2021-09,1611,402.75,4.548796388939421,88.53990496899412,"Q3,2021"
996,996,922521,6/29/2021,3259.0,922521_0.csv,551.0,1086.3333333333333,13036.0,23.658802177858444,0.14837712519319934,0.8516228748068007,-0.14864158829676075,8.958896013305018e-05,5.36723163841808e-07,159.45046884452512,"('Q2', '2021')",https://www.sec.gov/Archives/edgar/data/922521/000162828021015578/Financial_Report.xlsx,2021-06,1260,-13.125,-0.13125,100.0,"Q2,2021"
997,997,922521,3/30/2021,3828.0,922521_0.csv,647.0,1276.0,15312.0,23.666151468315306,-0.04692556634304207,1.046925566343042,0.048192771084337414,0.00010523060429251798,6.302357295928307e-07,-504.3338485316848,"('Q1', '2021')",https://www.sec.gov/Archives/edgar/data/922521/000162828021009088/Financial_Report.xlsx,2021-03,1397,48.17241379310346,0.4817241379310345,100.0,"Q1,2021"
998,998,922521,12/30/2020,3652.0,922521_0.csv,618.0,1217.3333333333333,14608.0,23.637540453074433,,,,0.00012104138011036904,6.325486182190379e-07,,"('Q4', '2020')",https://www.sec.gov/Archives/edgar/data/922521/000162828021004460/Financial_Report.xlsx,2020-12,1574,,,100.0,"Q4,2020"
999,999,929940,ttm,668063.0,929940_0.csv,100000.0,222687.66666666663,2672252.0,26.722520000000006,0.025322131035692703,0.9746778689643072,2.8986846098181567,0.015545386852821409,9.188929912355988e-05,1055.3029664973055,"('-1', 'ttm')",,2021-ttm,123323,,,100.0,"-1,ttm"
1000,1000,929940,12/30/2021,171356.0,929940_0.csv,102598.0,57118.66666666666,685424.0,6.6806760365699125,-0.25978315590427425,1.2597831559042745,0.2597853256873989,0.004710526496642818,9.993960646795248e-05,-25.71635567870163,"('Q4', '2021')",,2021-12,30630,1.4477477903294418,0.014477477903294416,100.0,"Q4,2021"
1001,1001,929940,9/29/2021,136020.0,929940_0.csv,81441.0,45340.0,544080.0,6.680664530150661,0.3128965307775378,0.6871034692224622,-0.3128949641596072,0.003739150155660474,7.933080070134425e-05,21.35103420146406,"('Q3', '2021')",https://www.sec.gov/Archives/edgar/data/929940/000092994021000067/Financial_Report.xlsx,2021-09,29481,-0.7949146601234934,-0.007949146601234934,100.0,"Q3,2021"
1002,1002,929940,6/29/2021,197961.0,929940_0.csv,118528.0,65987.0,791844.0,6.6806492980561565,-0.2165327257238456,1.2165327257238456,0.2165296264886988,0.005441890192359236,0.00011545684784726282,-30.852838875617824,"('Q2', '2021')",https://www.sec.gov/Archives/edgar/data/929940/000092994021000060/Financial_Report.xlsx,2021-06,32867,1.5578992273783003,0.015578992273783003,100.0,"Q2,2021"
1003,1003,929940,3/30/2021,162726.0,929940_0.csv,97431.0,54242.0,650904.0,6.680666317701758,0.3037509736524293,0.6962490263475707,-0.3037506738890457,0.004473290311939468,9.490648743424896e-05,21.993892685743926,"('Q1', '2021')",https://www.sec.gov/Archives/edgar/data/929940/000092994021000040/Financial_Report.xlsx,2021-03,30345,-0.7138992142285795,-0.007138992142285794,100.0,"Q1,2021"
1004,1004,929940,12/30/2020,233718.0,929940_0.csv,139937.0,77906.0,934872.0,6.680663441405777,,,,0.007746316888454336,0.00014323132036847492,,"('Q4', '2020')",https://www.sec.gov/Archives/edgar/data/929940/000092994021000011/Financial_Report.xlsx,2020-12,26575,,,100.0,"Q4,2020"
1005,1005,935036,ttm,1370598.0,935036_0.csv,4000.0,456866.0,5482392.0,1370.598,0.2659203523582309,0.7340796476417691,1.9359744146143447,0.03189291448516579,3.6755719649423936e-06,5154.167358178054,"('-1', 'ttm')",,2021-ttm,126539,,,100.0,"-1,ttm"
1006,1006,935036,12/30/2021,466829.0,935036_0.csv,5449.0,155609.66666666663,1867316.0,342.68966782895944,-0.4731008380643417,1.4731008380643418,0.47304631540417896,0.012832993148190149,5.307812195597116e-06,-724.3480464567548,"('Q4', '2021')",,2021-12,36328,20.758857142857146,0.20758857142857146,100.0,"Q4,2021"
1007,1007,935036,9/29/2021,316914.0,935036_0.csv,3699.0,105638.0,1267656.0,342.7023519870235,-0.05055381993751775,1.0505538199375175,0.05053552071972929,0.008711873492361298,3.603156049094097e-06,-6778.960569361291,"('Q3', '2021')",https://www.sec.gov/Archives/edgar/data/935036/000093503621000068/Financial_Report.xlsx,2021-09,33413,187.7134831460674,1.8771348314606744,100.0,"Q3,2021"
1008,1008,935036,6/29/2021,301669.0,935036_0.csv,3521.0,100556.33333333331,1206676.0,342.708321499574,-0.05767497747071192,1.0576749774707122,0.057797367332197175,0.00829279288566343,3.4297681667640755e-06,-5942.062511833758,"('Q2', '2021')",https://www.sec.gov/Archives/edgar/data/935036/000093503621000053/Financial_Report.xlsx,2021-06,28660,149.27083333333334,1.4927083333333335,100.0,"Q2,2021"
1009,1009,935036,3/30/2021,285186.0,935036_0.csv,3329.0,95062.0,1140744.0,342.66866927005105,0.2631695440460381,0.7368304559539619,-0.2631690453798535,0.007839680019792591,3.24274303526203e-06,1302.0833034163925,"('Q1', '2021')",https://www.sec.gov/Archives/edgar/data/935036/000093503621000032/Financial_Report.xlsx,2021-03,28138,-23.66526492851136,-0.2366526492851136,100.0,"Q1,2021"
1010,1010,935036,12/30/2020,387044.0,935036_0.csv,4518.0,129014.66666666669,1548176.0,342.66843736166453,,,,0.012828132509155992,4.624360286591607e-06,,"('Q4', '2020')",https://www.sec.gov/Archives/edgar/data/935036/000093503621000014/Financial_Report.xlsx,2020-12,26875,,,100.0,"Q4,2020"
1011,1011,941685,ttm,3238.0,941685_0.csv,81972.0,1079.3333333333333,12952.0,0.15800517249792612,-2.7336369847415174,3.733636984741517,3.1619537275064267,7.534613147178593e-05,7.532349627756449e-05,-0.057800349270906035,"('-1', 'ttm')",,2021-ttm,2914,,,100.0,"-1,ttm"
1012,1012,941685,9/29/2021,778.0,941685_0.csv,21955.0,259.3333333333333,3112.0,0.14174447734001366,0.17412729461330126,0.8258727053866988,-0.1740976645435245,2.1386993244404125e-05,2.1386128969413597e-05,0.814027907886568,"('Q3', '2021')",https://www.sec.gov/Archives/edgar/data/941685/000143774921026754/Financial_Report.xlsx,2021-09,747,-0.16137394685677253,-0.001613739468567725,100.0,"Q3,2021"
1013,1013,941685,6/29/2021,942.0,941685_0.csv,26584.0,314.0,3768.0,0.14173939211555822,-0.2851824993956973,1.2851824993956973,0.2851296043656207,2.589530544502402e-05,2.589518799922073e-05,-0.4970129387879848,"('Q2', '2021')",https://www.sec.gov/Archives/edgar/data/941685/000165495421009368/Financial_Report.xlsx,2021-06,745,0.1262925919647398,0.001262925919647398,100.0,"Q2,2021"
1014,1014,941685,3/30/2021,733.0,941685_0.csv,20685.0,244.3333333333333,2932.0,0.1417452260091854,0.1872617971788928,0.8127382028211072,-0.06743002544529259,2.0149956360087694e-05,2.0149035651665684e-05,0.7569361618044016,"('Q1', '2021')",https://www.sec.gov/Archives/edgar/data/941685/000165495421003840/Financial_Report.xlsx,2021-03,724,-0.15190935795216115,-0.0015190935795216115,100.0,"Q1,2021"
1015,1015,941685,12/30/2020,786.0,941685_0.csv,25451.0,262.0,3144.0,0.12353149188636987,,,,2.60510746896906e-05,2.6050153531218012e-05,,"('Q4', '2020')",,2020-12,697,,,100.0,"Q4,2020"
1016,1016,944480,ttm,53965.0,944480_0.csv,1366163.0,17988.333333333332,215860.0,0.15800457192882547,-2.296311756246803,3.296311756246804,2.6745880430341824,0.0012557300756253634,0.0012553576055853992,-0.06880797936037891,"('-1', 'ttm')",,2021-ttm,0,,,100.0,"-1,ttm"
1017,1017,944480,9/29/2021,14686.0,944480_0.csv,414452.0,4895.333333333333,58744.0,0.14173897097854515,-0.08608160837309979,1.0860816083730995,0.08608194054134004,0.00040371385962380333,0.00040371322813169684,-1.6465650869836457,"('Q3', '2021')",https://www.sec.gov/Archives/edgar/data/944480/000114036121037897/Financial_Report.xlsx,2021-09,0,0.0,0.0,100.0,"Q3,2021"
1018,1018,944480,6/29/2021,13522.0,944480_0.csv,381603.0,4507.333333333333,54088.0,0.14173892762897564,-0.03189771962131598,1.031897719621316,0.03189865689865684,0.0003717158388828183,0.0003717153711279953,-4.443544219200458,"('Q2', '2021')",https://www.sec.gov/Archives/edgar/data/944480/000114036121028519/Financial_Report.xlsx,2021-06,0,0.0,0.0,100.0,"Q2,2021"
1019,1019,944480,3/30/2021,13104.0,944480_0.csv,369807.0,4368.0,52416.0,0.14173879888698698,0.0974219167583953,0.9025780832416048,0.035643720856713745,0.0003602251407129456,0.0003602250146113384,1.4548964299121396,"('Q1', '2021')",https://www.sec.gov/Archives/edgar/data/944480/000114036121017672/Financial_Report.xlsx,2021-03,0,-0.0,-0.0,100.0,"Q1,2021"
1020,1020,944480,12/30/2020,12653.0,944480_0.csv,409723.0,4217.666666666667,50612.0,0.1235273587277258,,,,0.0004193692723265333,0.0004193684749232344,,"('Q4', '2020')",https://www.sec.gov/Archives/edgar/data/944480/000114036121012540/Financial_Report.xlsx,2020-12,0,,,100.0,"Q4,2020"
1021,1021,948708,ttm,58422.0,948708_0.csv,1478995.0,19474.0,233688.0,0.15800459095534464,-2.5702526221771613,3.5702526221771613,2.9799713876967098,0.0013594415357766146,0.0013590381395724945,-0.06147434286887533,"('-1', 'ttm')",,2021-ttm,11581,,,100.0,"-1,ttm"
1022,1022,948708,12/30/2021,14679.0,948708_0.csv,414255.0,4893.0,58716.0,0.14173878408226814,0.10727831461352136,0.8927216853864787,-0.10727969348659004,0.0004035214316640208,0.0004035213325540618,1.3212249334163515,"('Q4', '2021')",,2021-12,2550,-0.05122436270866395,-0.0005122436270866395,100.0,"Q4,2021"
1023,1023,948708,9/29/2021,16443.0,948708_0.csv,464036.0,5481.0,65772.0,0.1417390030083873,-0.032914931363230635,1.0329149313632306,0.03291664049249332,0.000452013277529225,0.0004520124683421002,-4.306222043857103,"('Q3', '2021')",https://www.sec.gov/Archives/edgar/data/948708/000156459021056694/Financial_Report.xlsx,2021-09,5046,0.3412456887806857,0.003412456887806857,100.0,"Q3,2021"
1024,1024,948708,6/29/2021,15919.0,948708_0.csv,449249.0,5306.333333333333,63676.0,0.14173876847806005,-0.3987365418983629,1.3987365418983628,0.3987347333274756,0.0004376086702540736,0.0004376086109487629,-0.3554697239516837,"('Q2', '2021')",https://www.sec.gov/Archives/edgar/data/948708/000156459021043945/Financial_Report.xlsx,2021-06,4853,0.03789422724042884,0.00037894227240428837,100.0,"Q2,2021"
1025,1025,948708,3/30/2021,11381.0,948708_0.csv,321182.0,3793.666666666666,45524.0,0.1417389517469846,0.20120075308209048,0.7987992469179096,-0.08343400177176455,0.00031286037289789635,0.0003128599259692188,0.7044653142483752,"('Q1', '2021')",https://www.sec.gov/Archives/edgar/data/948708/000156459021026970/Financial_Report.xlsx,2021-03,4232,-0.052312142300893705,-0.000523121423008937,100.0,"Q1,2021"
1026,1026,948708,12/30/2020,12417.0,948708_0.csv,402081.0,4139.0,49668.0,0.12352734896699916,,,,0.00041154732114744046,0.000411546571136131,,"('Q4', '2020')",https://www.sec.gov/Archives/edgar/data/948708/000156459021011475/Financial_Report.xlsx,2020-12,2649,,,100.0,"Q4,2020"
