,cik,date,total revenue,cost of revenue,gross_profit,gross_margin,filenames
0,1001601,ttm,931.0,1003.0,72.0,-0.07733619763694952,1001601_0.csv
1,1001601,12/30/2020,1440.0,1728.0,288.0,-0.2,1001601_0.csv
2,1001601,12/30/2019,450.0,510.0,60.0,-0.13333333333333333,1001601_0.csv
3,1001601,12/30/2018,2030.0,4191.0,2161.0,-1.0645320197044335,1001601_0.csv
4,1013462,ttm,1906715.0,257984.0,1648731.0,0.8646971361739956,1013462_0.csv
5,1013462,12/30/2021,1906715.0,257984.0,1648731.0,0.8646971361739956,1013462_0.csv
6,1013462,12/30/2020,1681297.0,225264.0,1456033.0,0.8660177232220125,1013462_0.csv
7,1013462,12/30/2019,1515892.0,166273.0,1349619.0,0.8903134260224344,1013462_0.csv
8,1013462,12/30/2018,1293636.0,155885.0,1137751.0,0.8794985606461169,1013462_0.csv
9,1013857,ttm,1211653.0,336363.0,875290.0,0.7223932924690485,1013857_0.csv
10,1013857,12/30/2021,1211653.0,336363.0,875290.0,0.7223932924690485,1013857_0.csv
11,1013857,12/30/2020,1017517.0,310913.0,706604.0,0.6944395032220592,1013857_0.csv
12,1013857,12/30/2019,911383.0,310022.0,601361.0,0.6598334618925303,1013857_0.csv
13,1013857,12/30/2018,891581.0,301765.0,589816.0,0.6615394450980898,1013857_0.csv
14,1015739,ttm,16283.0,1260.0,15023.0,0.9226186820610452,1015739_0.csv
15,1015739,12/30/2020,11309.0,810.0,10499.0,0.9283756300291803,1015739_0.csv
16,1015739,12/30/2019,12204.0,1261.0,10943.0,0.8966732218944609,1015739_0.csv
17,1015739,12/30/2018,16131.0,1240.0,14891.0,0.9231293782158576,1015739_0.csv
18,1017655,ttm,14626.0,11172.0,3454.0,0.23615479283467797,1017655_0.csv
19,1017655,12/30/2020,12921.0,9810.0,3111.0,0.24077083817042025,1017655_0.csv
20,1017655,12/30/2019,10548.0,7802.0,2747.0,0.2603337125521426,1017655_0.csv
21,1017655,12/30/2018,9253.0,7062.0,2191.0,0.2367880687344645,1017655_0.csv
22,1019034,ttm,5243.0,1611.0,3632.0,0.6927331680335685,1019034_0.csv
23,1019034,12/30/2020,2837.0,794.826,2042.0,0.7198357419809658,1019034_0.csv
24,1019034,12/30/2019,2268.0,2461.0,193.717,-0.08509700176366843,1019034_0.csv
25,1019034,12/30/2018,4045.0,4164.0,119.648,-0.02941903584672435,1019034_0.csv
26,1019671,ttm,23866.0,10375.0,13491.0,0.5652811531048353,1019671_0.csv
27,1019671,1/30/2021,21999.0,12069.0,9930.0,0.4513841538251739,1019671_0.csv
28,1019671,1/30/2020,67154.0,23652.0,43502.0,0.6477946213181642,1019671_0.csv
29,1019671,1/30/2019,62402.0,25072.0,37330.0,0.5982180058331463,1019671_0.csv
30,1021435,ttm,3517.0,162.8,3355.0,0.9537105487631503,1021435_0.csv
31,1021435,12/30/2020,3644.0,155.0,3489.0,0.9574643249176729,1021435_0.csv
32,1021435,12/30/2019,3530.0,149.8,3380.0,0.9575637393767705,1021435_0.csv
33,1021435,12/30/2018,3153.0,145.8,3008.0,0.9537583254043768,1021435_0.csv
34,1022505,ttm,6.667,0.0,6.667,1.0,1022505_0.csv
35,1022505,9/29/2021,15.417,0.0,15.417,1.0,1022505_0.csv
36,1022505,9/29/2020,47.983,0.0,47.983,1.0,1022505_0.csv
37,1022505,9/29/2019,46.6,0.0,46.6,1.0,1022505_0.csv
38,1022505,9/29/2018,316.248,89.23,227.018,0.717848018011181,1022505_0.csv
39,1023731,ttm,601477.0,240170.0,361307.0,0.6006996111239499,1023731_0.csv
40,1023731,3/30/2021,532344.0,230150.0,302194.0,0.5676667718618037,1023731_0.csv
41,1023731,3/30/2020,446237.0,201228.0,245009.0,0.549055770812371,1023731_0.csv
42,1023731,3/30/2019,352586.0,129972.0,222614.0,0.6313750404156716,1023731_0.csv
43,1023731,3/30/2018,296500.0,71171.0,225329.0,0.7599629005059022,1023731_0.csv
44,1029744,ttm,33255.0,9988.0,23267.0,0.6996541873402495,1029744_0.csv
45,1029744,9/29/2021,35167.0,10294.0,24873.0,0.7072823954275315,1029744_0.csv
46,1029744,9/29/2020,34753.0,9634.0,25119.0,0.7227865220268754,1029744_0.csv
47,1029744,9/29/2019,34781.0,9280.0,25501.0,0.7331876599292717,1029744_0.csv
48,1029744,9/29/2018,34544.0,9656.0,24888.0,0.7204724409448819,1029744_0.csv
49,1031308,ttm,965046.0,216539.0,748507.0,0.7756179498179362,1031308_0.csv
50,1031308,12/30/2021,965046.0,216539.0,748507.0,0.7756179498179362,1031308_0.csv
51,1031308,12/30/2020,801544.0,167155.0,634389.0,0.7914587346421407,1031308_0.csv
52,1031308,12/30/2019,736654.0,144150.0,592504.0,0.8043179022987725,1031308_0.csv
53,1031308,12/30/2018,691710.0,131324.0,560386.0,0.8101458703792052,1031308_0.csv
54,1039280,ttm,58046.0,31031.0,27015.0,0.46540674637356577,1039280_0.csv
55,1039280,6/29/2021,54921.0,28568.0,26353.0,0.4798346716192349,1039280_0.csv
56,1039280,6/29/2020,56372.0,29409.0,26963.0,0.47830483218619174,1039280_0.csv
57,1039280,6/29/2019,67819.0,33374.0,34446.0,0.5078960173402733,1039280_0.csv
58,1039280,6/29/2018,60930.0,31723.0,29207.0,0.4793533563105203,1039280_0.csv
59,1044777,ttm,214481.0,71546.0,142935.0,0.6664226668096475,1044777_0.csv
60,1044777,12/30/2021,214481.0,71546.0,142935.0,0.6664226668096475,1044777_0.csv
61,1044777,12/30/2020,215691.0,63439.0,152252.0,0.7058801711707953,1044777_0.csv
62,1044777,12/30/2019,254570.0,81962.0,172608.0,0.6780374749577719,1044777_0.csv
63,1044777,12/30/2018,212280.0,64813.0,147467.0,0.6946815526662898,1044777_0.csv
64,1046327,ttm,58183.0,13756.0,44427.0,0.7635735524122166,1046327_0.csv
65,1046327,12/30/2021,58183.0,13756.0,44427.0,0.7635735524122166,1046327_0.csv
66,1046327,12/30/2020,68062.0,16465.0,51597.0,0.7580882136875202,1046327_0.csv
67,1046327,12/30/2019,172113.0,103127.0,68986.0,0.4008180672000372,1046327_0.csv
68,1046327,12/30/2018,69510.0,17727.0,51783.0,0.7449719464825205,1046327_0.csv
69,1050446,ttm,510762.0,91909.0,418853.0,0.8200551333106222,1050446_0.csv
70,1050446,12/30/2021,510762.0,91909.0,418853.0,0.8200551333106222,1050446_0.csv
71,1050446,12/30/2020,480735.0,91055.0,389680.0,0.810592114158528,1050446_0.csv
72,1050446,12/30/2019,486327.0,99974.0,386353.0,0.7944304963532767,1050446_0.csv
73,1050446,12/30/2018,497638.0,99499.0,398139.0,0.800057471495344,1050446_0.csv
74,1052054,ttm,27392.0,8887.0,18505.0,0.6755622079439252,1052054_0.csv
75,1052054,12/30/2020,26352.0,8837.0,17515.0,0.6646554341226473,1052054_0.csv
76,1052054,12/30/2019,25750.0,8685.0,17065.0,0.6627184466019418,1052054_0.csv
77,1052054,12/30/2018,30636.0,10349.0,20287.0,0.6621948034991513,1052054_0.csv
78,1054721,ttm,42360.0,36042.0,6318.0,0.14915014164305948,1054721_0.csv
79,1054721,12/30/2020,47144.0,39418.0,7726.0,0.1638808756151366,1054721_0.csv
80,1054721,12/30/2019,59283.0,49187.0,10096.0,0.17030177285225107,1054721_0.csv
81,1054721,12/30/2018,73414.0,57904.0,15510.0,0.2112676056338028,1054721_0.csv
82,1056696,ttm,663643.0,297827.0,365816.0,0.5512240768003279,1056696_0.csv
83,1056696,12/30/2021,663643.0,297827.0,365816.0,0.5512240768003279,1056696_0.csv
84,1056696,12/30/2020,586372.0,269887.0,316485.0,0.5397341619313337,1056696_0.csv
85,1056696,12/30/2019,617949.0,284967.0,332982.0,0.5388502934708204,1056696_0.csv
86,1056696,12/30/2018,559157.0,240881.0,318276.0,0.56920685961188,1056696_0.csv
87,1064722,ttm,6707.0,5555.0,1152.0,0.17176084687639778,1064722_0.csv
88,1064722,12/30/2020,1628.0,1555.0,73.618,0.04484029484029484,1064722_0.csv
89,1064722,12/30/2019,-,-,-,0.0,1064722_0.csv
90,1066194,ttm,84534.0,21324.0,63210.0,0.7477464688764284,1066194_0.csv
91,1066194,6/29/2021,78287.0,19267.0,59020.0,0.7538927280391381,1066194_0.csv
92,1066194,6/29/2020,72729.0,21081.0,51648.0,0.7101431341005651,1066194_0.csv
93,1066194,6/29/2019,67232.0,21841.0,45391.0,0.6751398143741075,1066194_0.csv
94,1066194,6/29/2018,61307.0,22336.0,38971.0,0.6356696625181464,1066194_0.csv
95,1066684,ttm,0.0,117.923,117.923,0.0,1066684_0.csv
96,1066684,12/30/2020,0.0,118.16,118.16,0.0,1066684_0.csv
97,1066684,12/30/2019,0.0,177.552,177.552,0.0,1066684_0.csv
98,1066684,12/30/2018,0.0,297.439,297.439,0.0,1066684_0.csv
99,1073349,ttm,495406.0,209644.0,285762.0,0.5768238576036625,1073349_0.csv
100,1073349,6/29/2021,471403.0,196452.0,274951.0,0.5832610314317049,1073349_0.csv
101,1073349,6/29/2020,442221.0,189086.0,253135.0,0.5724174112039003,1073349_0.csv
102,1073349,6/29/2019,421962.0,182719.0,239243.0,0.5669775951388988,1073349_0.csv
103,1073349,6/29/2018,394096.0,173130.0,220966.0,0.5606907961511916,1073349_0.csv
104,1081745,ttm,11412.0,4494.0,6918.0,0.6062039957939012,1081745_0.csv
105,1081745,12/30/2020,8253.0,3263.0,4991.0,0.6046286198957954,1081745_0.csv
106,1081745,12/30/2019,2536.0,567.843,1968.0,0.7760871451104101,1081745_0.csv
107,1081745,12/30/2018,2381.0,742.405,1639.0,0.6881961360772785,1081745_0.csv
108,1082324,ttm,40.0,9438.0,9478.0,-234.95,1082324_0.csv
109,1082324,12/30/2020,302636.0,90101.0,212535.0,0.7022793058327496,1082324_0.csv
110,1082324,12/30/2019,85.0,-,-,0.0,1082324_0.csv
111,1082324,12/30/2018,63.0,0.0,63.0,1.0,1082324_0.csv
112,1084048,ttm,1416722.0,188053.0,1228669.0,0.8672618904767484,1084048_0.csv
113,1084048,12/30/2021,1416722.0,188053.0,1228669.0,0.8672618904767484,1084048_0.csv
114,1084048,12/30/2020,1489593.0,231782.0,1257811.0,0.8443991076757208,1084048_0.csv
115,1084048,12/30/2019,1372054.0,237323.0,1134731.0,0.8270308603014167,1084048_0.csv
116,1084048,12/30/2018,1207295.0,201074.0,1006221.0,0.833450813595683,1084048_0.csv
117,1084384,ttm,65048.0,44756.0,20292.0,0.3119542491698438,1084384_0.csv
118,1084384,12/30/2020,69637.0,48954.0,20683.0,0.29701164610767267,1084384_0.csv
119,1084384,12/30/2019,62049.0,47134.0,14915.0,0.2403745427001241,1084384_0.csv
120,1084384,12/30/2018,32436.0,10330.0,22106.0,0.6815266987298064,1084384_0.csv
121,1084577,ttm,32271.0,14950.0,17321.0,0.5367357689566484,1084577_0.csv
122,1084577,12/30/2020,36388.0,14786.0,21602.0,0.5936572496427394,1084577_0.csv
123,1084577,12/30/2019,38391.0,15557.0,22834.0,0.5947748170144044,1084577_0.csv
124,1084577,12/30/2018,35900.0,14540.0,21360.0,0.5949860724233983,1084577_0.csv
125,1092699,ttm,385276.0,131678.0,253598.0,0.6582242340555862,1092699_0.csv
126,1092699,12/30/2021,385276.0,131678.0,253598.0,0.6582242340555862,1092699_0.csv
127,1092699,12/30/2020,312630.0,99836.0,212794.0,0.6806576464190897,1092699_0.csv
128,1092699,12/30/2019,279124.0,92239.0,186885.0,0.6695411358392686,1092699_0.csv
129,1092699,12/30/2018,248240.0,81748.0,166492.0,0.6706896551724137,1092699_0.csv
130,1102993,ttm,469624.0,156880.0,312744.0,0.6659455223753471,1102993_0.csv
131,1102993,12/30/2021,469624.0,156880.0,312744.0,0.6659455223753471,1102993_0.csv
132,1102993,12/30/2020,366620.0,106268.0,260352.0,0.7101412907097266,1102993_0.csv
133,1102993,12/30/2019,291609.0,78878.0,212731.0,0.729507662657874,1102993_0.csv
134,1102993,12/30/2018,249838.0,62479.0,187359.0,0.7499219494232262,1102993_0.csv
135,1107843,ttm,411172.0,89439.0,321733.0,0.7824778924634946,1107843_0.csv
136,1107843,12/30/2021,411172.0,89439.0,321733.0,0.7824778924634946,1107843_0.csv
137,1107843,12/30/2020,362963.0,79226.0,283737.0,0.7817243079873155,1107843_0.csv
138,1107843,12/30/2019,321607.0,69517.0,252090.0,0.7838448789982805,1107843_0.csv
139,1107843,12/30/2018,278889.0,66185.0,212704.0,0.7626833614807325,1107843_0.csv
140,1108524,ttm,26492000.0,7026000.0,19466000.0,0.7347878604861845,1108524_0.csv
141,1108524,1/30/2022,26492000.0,7026000.0,19466000.0,0.7347878604861845,1108524_0.csv
142,1108524,1/30/2021,21252000.0,5438000.0,15814000.0,0.7441182006399397,1108524_0.csv
143,1108524,1/30/2020,17098000.0,4235000.0,12863000.0,0.752310211720669,1108524_0.csv
144,1108524,1/30/2019,13282000.0,3451000.0,9831000.0,0.740174672489083,1108524_0.csv
145,1118417,ttm,202253.0,92183.0,110070.0,0.5442193688103514,1118417_0.csv
146,1118417,9/29/2021,193445.0,86648.0,106797.0,0.5520794024141229,1118417_0.csv
147,1118417,9/29/2020,161056.0,65496.0,95560.0,0.5933339956288496,1118417_0.csv
148,1118417,9/29/2019,141235.0,66130.0,75105.0,0.531773285658654,1118417_0.csv
149,1118417,9/29/2018,154632.0,65334.0,89298.0,0.5774871954058668,1118417_0.csv
150,1131554,ttm,276161.0,111438.0,164723.0,0.5964745202979421,1131554_0.csv
151,1131554,12/30/2020,291670.0,121817.0,169853.0,0.5823464874687146,1131554_0.csv
152,1131554,12/30/2019,308749.0,150407.0,158342.0,0.5128502440493734,1131554_0.csv
153,1131554,12/30/2018,325839.0,158802.0,167037.0,0.5126366088773904,1131554_0.csv
154,1157817,ttm,36248.0,22892.0,13356.0,0.36846170823217833,1157817_0.csv
155,1157817,12/30/2018,39746.0,21344.0,18402.0,0.4629899864137272,1157817_0.csv
156,1160951,ttm,274865.0,116007.0,158858.0,0.5779491750495698,1160951_0.csv
157,1160951,8/30/2021,260350.0,110086.0,150264.0,0.5771615133474169,1160951_0.csv
158,1160951,8/30/2020,211672.0,97175.0,114497.0,0.5409170792546959,1160951_0.csv
159,1160951,8/30/2019,171273.0,72178.0,99095.0,0.5785792273154554,1160951_0.csv
160,1160951,8/30/2018,159669.0,64332.0,95337.0,0.5970914830054675,1160951_0.csv
161,1166388,ttm,1308879.0,420909.0,887970.0,0.6784202359423598,1166388_0.csv
162,1166388,1/30/2021,1273705.0,415594.0,858111.0,0.6737125158494314,1166388_0.csv
163,1166388,1/30/2020,1303634.0,463766.0,839868.0,0.6442513773037525,1166388_0.csv
164,1166388,1/30/2019,1229747.0,449213.0,780534.0,0.6347110421899789,1166388_0.csv
165,1167419,ttm,127644.0,48312.0,79332.0,0.6215098241985523,1167419_0.csv
166,1167419,12/30/2020,12081.0,6251.0,5830.0,0.4825759456998593,1167419_0.csv
167,1167419,12/30/2019,6837.0,6097.0,740.0,0.10823460582126664,1167419_0.csv
168,1167419,12/30/2018,7845.0,5820.0,2025.0,0.25812619502868067,1167419_0.csv
169,1169561,ttm,754983.0,111423.0,643560.0,0.8524165444784849,1169561_0.csv
170,1169561,3/30/2021,723472.0,109373.0,614099.0,0.8488220691332906,1169561_0.csv
171,1169561,3/30/2020,670885.0,117078.0,553807.0,0.8254872295549908,1169561_0.csv
172,1169561,3/30/2019,710957.0,117006.0,593951.0,0.8354246459349862,1169561_0.csv
173,1169561,3/30/2018,699393.0,98152.0,601241.0,0.859661163323053,1169561_0.csv
174,1169652,ttm,167729.0,38232.0,129497.0,0.7720608839258566,1169652_0.csv
175,1169652,12/30/2021,167729.0,38232.0,129497.0,0.7720608839258566,1169652_0.csv
176,1169652,12/30/2020,145072.0,30354.0,114718.0,0.7907659644865997,1169652_0.csv
177,1169652,12/30/2019,129959.0,29008.0,100951.0,0.7767911418216514,1169652_0.csv
178,1169652,12/30/2018,131218.0,29501.0,101717.0,0.7751756618756573,1169652_0.csv
179,1261333,ttm,1957283.0,436577.0,1520706.0,0.7769474317204002,1261333_0.csv
180,1261333,1/30/2021,1453047.0,364058.0,1088989.0,0.7494520135962567,1261333_0.csv
181,1261333,1/30/2020,973971.0,243234.0,730737.0,0.7502656649941323,1261333_0.csv
182,1261333,1/30/2019,700969.0,192421.0,508548.0,0.7254928534642758,1261333_0.csv
183,1262039,ttm,3342200.0,783000.0,2559200.0,0.7657231763509066,1262039_0.csv
184,1262039,12/30/2021,3342200.0,783000.0,2559200.0,0.7657231763509066,1262039_0.csv
185,1262039,12/30/2020,2594400.0,570000.0,2024400.0,0.7802960222016652,1262039_0.csv
186,1262039,12/30/2019,2156200.0,505900.0,1650300.0,0.7653742695482794,1262039_0.csv
187,1262039,12/30/2018,1801200.0,450400.0,1350800.0,0.7499444814568066,1262039_0.csv
188,1280058,ttm,927740.0,443195.0,484545.0,0.5222853385646841,1280058_0.csv
189,1280058,12/30/2021,927740.0,443195.0,484545.0,0.5222853385646841,1280058_0.csv
190,1280058,12/30/2020,913219.0,428065.0,485154.0,0.5312570150204935,1280058_0.csv
191,1280058,12/30/2019,900423.0,418424.0,481999.0,0.5353028521039556,1280058_0.csv
192,1280058,12/30/2018,848606.0,381742.0,466864.0,0.550154017294245,1280058_0.csv
193,1288847,ttm,609591.0,271099.0,338492.0,0.5552772268619451,1288847_0.csv
194,1288847,12/30/2021,609591.0,271099.0,338492.0,0.5552772268619451,1288847_0.csv
195,1288847,12/30/2020,434908.0,180284.0,254624.0,0.5854663515042262,1288847_0.csv
196,1288847,12/30/2019,328006.0,134511.0,193495.0,0.5899129893965355,1288847_0.csv
197,1288847,12/30/2018,257664.0,104034.0,153630.0,0.5962416169895678,1288847_0.csv
198,1301991,ttm,0.0,1372.0,1372.0,0.0,1301991_0.csv
199,1301991,6/29/2021,0.0,821.824,821.824,0.0,1301991_0.csv
200,1301991,6/29/2020,0.0,747.478,747.478,0.0,1301991_0.csv
201,1301991,6/29/2019,0.0,875.718,875.718,0.0,1301991_0.csv
202,1301991,6/29/2018,0.0,1003.0,1003.0,0.0,1301991_0.csv
203,1321655,ttm,1541889.0,339404.0,1202485.0,0.7798777992449522,1321655_0.csv
204,1321655,12/30/2021,1541889.0,339404.0,1202485.0,0.7798777992449522,1321655_0.csv
205,1321655,12/30/2020,1092673.0,352547.0,740126.0,0.6773536089937245,1321655_0.csv
206,1321655,12/30/2019,742555.0,242373.0,500182.0,0.6735958952535502,1321655_0.csv
207,1321655,12/30/2018,595409.0,165401.0,430008.0,0.7222060801902558,1321655_0.csv
208,1327567,ttm,4857500.0,1475400.0,3382100.0,0.6962635100360267,1327567_0.csv
209,1327567,7/30/2021,4256100.0,1274900.0,2981200.0,0.7004534667888442,1327567_0.csv
210,1327567,7/30/2020,3408400.0,999500.0,2408900.0,0.7067539021241638,1327567_0.csv
211,1327567,7/30/2019,2899600.0,808400.0,2091200.0,0.7212029245413161,1327567_0.csv
212,1327567,7/30/2018,2273100.0,645300.0,1627800.0,0.7161145572126171,1327567_0.csv
213,1327811,ttm,5138798.0,1428095.0,3710703.0,0.7220955172785543,1327811_0.csv
214,1327811,1/30/2022,5138798.0,1428095.0,3710703.0,0.7220955172785543,1327811_0.csv
215,1327811,1/30/2021,4317996.0,1198132.0,3119864.0,0.7225259124834761,1327811_0.csv
216,1327811,1/30/2020,3627206.0,1065258.0,2561948.0,0.7063144469875712,1327811_0.csv
217,1327811,1/30/2019,2822180.0,834950.0,1987230.0,0.7041471486581296,1327811_0.csv
218,1337619,ttm,1186517.0,423723.0,762794.0,0.642885015553928,1337619_0.csv
219,1337619,12/30/2021,1186517.0,423723.0,762794.0,0.642885015553928,1337619_0.csv
220,1337619,12/30/2020,998230.0,305929.0,692301.0,0.6935285455255803,1337619_0.csv
221,1337619,12/30/2019,900127.0,278811.0,621316.0,0.6902537086433359,1337619_0.csv
222,1337619,12/30/2018,812363.0,263400.0,548963.0,0.67576071288328,1337619_0.csv
223,1341439,ttm,41399000.0,8297000.0,33102000.0,0.7995845310273195,1341439_0.csv
224,1341439,5/30/2021,40479000.0,7855000.0,32624000.0,0.805948763556412,1341439_0.csv
225,1341439,5/30/2020,39068000.0,7938000.0,31130000.0,0.7968158083341865,1341439_0.csv
226,1341439,5/30/2019,39506000.0,7995000.0,31511000.0,0.7976256771123373,1341439_0.csv
227,1341439,5/30/2018,39831000.0,8081000.0,31750000.0,0.7971178228013357,1341439_0.csv
228,1342936,ttm,0.0,0.0,0.0,0.0,1342936_0.csv
229,1342936,12/30/2020,0.0,0.0,0.0,0.0,1342936_0.csv
230,1342936,12/30/2019,0.0,0.0,0.0,0.0,1342936_0.csv
231,1342936,12/30/2018,0.0,0.0,0.0,0.0,1342936_0.csv
232,1348036,ttm,698977.0,204832.0,494145.0,0.7069545922111886,1348036_0.csv
233,1348036,12/30/2021,698977.0,204832.0,494145.0,0.7069545922111886,1348036_0.csv
234,1348036,12/30/2020,500569.0,143095.0,357474.0,0.7141353140126536,1348036_0.csv
235,1348036,12/30/2019,382421.0,115299.0,267122.0,0.6985024357971973,1348036_0.csv
236,1348036,12/30/2018,272098.0,78649.0,193449.0,0.7109534064932488,1348036_0.csv
237,1351636,ttm,58155.0,25636.0,32519.0,0.5591780586364027,1351636_0.csv
238,1351636,12/30/2021,58155.0,25636.0,32519.0,0.5591780586364027,1351636_0.csv
239,1351636,12/30/2020,45734.0,18759.0,26975.0,0.5898237635019897,1351636_0.csv
240,1351636,12/30/2019,40752.0,16409.0,24343.0,0.597344915586965,1351636_0.csv
241,1351636,12/30/2018,34753.0,15532.0,19221.0,0.5530745547147009,1351636_0.csv
242,1353283,ttm,2517623.0,693499.0,1824124.0,0.7245421574238875,1353283_0.csv
243,1353283,1/30/2021,2229385.0,547345.0,1682040.0,0.7544861026695703,1353283_0.csv
244,1353283,1/30/2020,2358926.0,429788.0,1929138.0,0.817803525841845,1353283_0.csv
245,1353283,1/30/2019,1803010.0,344676.0,1458334.0,0.808833007027138,1353283_0.csv
246,1353499,ttm,288.0,636.937,348.937,-1.2115868055555556,1353499_0.csv
247,1353499,12/30/2020,0.0,491.129,491.129,0.0,1353499_0.csv
248,1353499,12/30/2019,0.0,622.351,622.351,0.0,1353499_0.csv
249,1353499,12/30/2018,0.0,1477.0,1477.0,0.0,1353499_0.csv
250,1362190,ttm,23601.0,5915.0,17686.0,0.7493750264819288,1362190_0.csv
251,1362190,12/30/2020,20475.0,5961.0,14514.0,0.7088644688644689,1362190_0.csv
252,1362190,12/30/2019,10765.0,4383.0,6382.0,0.5928471899674872,1362190_0.csv
253,1362190,12/30/2018,5660.0,2627.0,3034.0,0.5358657243816255,1362190_0.csv
254,1366561,ttm,503317.0,107803.0,395514.0,0.785814903927346,1366561_0.csv
255,1366561,1/30/2021,385513.0,85539.0,299974.0,0.7781164318712988,1366561_0.csv
256,1366561,1/30/2020,270882.0,52900.0,217982.0,0.8047120148256436,1366561_0.csv
257,1366561,1/30/2019,177722.0,33849.0,143873.0,0.8095396180551648,1366561_0.csv
258,1370880,ttm,483455.0,254392.0,229063.0,0.47380418032702115,1370880_0.csv
259,1370880,12/30/2021,483455.0,254392.0,229063.0,0.47380418032702115,1370880_0.csv
260,1370880,12/30/2020,940584.0,334027.0,606557.0,0.6448727599023585,1370880_0.csv
261,1370880,12/30/2019,889152.0,308892.0,580260.0,0.6525993305981429,1370880_0.csv
262,1370880,12/30/2018,830950.0,272475.0,558475.0,0.6720921836452254,1370880_0.csv
263,1372612,ttm,839884.0,243401.0,596483.0,0.7101968843316459,1372612_0.csv
264,1372612,1/30/2021,770770.0,224738.0,546032.0,0.7084240434889786,1372612_0.csv
265,1372612,1/30/2020,696264.0,215577.0,480687.0,0.69038037296198,1372612_0.csv
266,1372612,1/30/2019,608386.0,173594.0,434792.0,0.7146647030010552,1372612_0.csv
267,1373715,ttm,5896000.0,1353000.0,4543000.0,0.7705223880597015,1373715_0.csv
268,1373715,12/30/2021,5896000.0,1353000.0,4543000.0,0.7705223880597015,1373715_0.csv
269,1373715,12/30/2020,4519484.0,987113.0,3532371.0,0.7815872342948885,1373715_0.csv
270,1373715,12/30/2019,3460437.0,796645.0,2663792.0,0.769784856652498,1373715_0.csv
271,1373715,12/30/2018,2608816.0,622658.0,1986158.0,0.7613254441861749,1373715_0.csv
272,1378590,ttm,14709.0,4856.0,9853.0,0.6698619892582772,1378590_0.csv
273,1378590,9/29/2021,13259.0,4533.0,8726.0,0.6581190135002639,1378590_0.csv
274,1378590,9/29/2020,10907.0,4507.0,6400.0,0.5867791326670945,1378590_0.csv
275,1378590,9/29/2019,9952.0,5360.0,4592.0,0.46141479099678456,1378590_0.csv
276,1378590,9/29/2018,13568.0,6748.0,6820.0,0.5026533018867925,1378590_0.csv
277,1384365,ttm,0.0,0.0,0.0,0.0,1384365_0.csv
278,1385867,ttm,695535.0,316203.0,379332.0,0.5453816127153918,1385867_0.csv
279,1385867,1/30/2021,541643.0,221701.0,319942.0,0.5906879623663557,1385867_0.csv
280,1385867,1/30/2020,389719.0,139216.0,250503.0,0.642778514776031,1385867_0.csv
281,1385867,1/30/2019,260366.0,83454.0,176912.0,0.679474278515628,1385867_0.csv
282,1389002,ttm,24420.0,12885.0,11535.0,0.47235872235872234,1389002_0.csv
283,1389002,12/30/2021,24420.0,12885.0,11535.0,0.47235872235872234,1389002_0.csv
284,1389002,12/30/2020,29983.0,17946.0,12037.0,0.40146082780242137,1389002_0.csv
285,1389002,12/30/2019,49036.0,22843.0,26193.0,0.5341585773717269,1389002_0.csv
286,1389002,12/30/2018,58631.0,27154.0,31477.0,0.5368661629513397,1389002_0.csv
287,1389067,ttm,0.337,0.114,0.223,0.6617210682492582,1389067_0.csv
288,1389067,12/30/2020,1.015,0.371,0.644,0.6344827586206896,1389067_0.csv
289,1389067,12/30/2019,0.206,-,-,0.0,1389067_0.csv
290,1389067,12/30/2018,0.0,-,-,0.0,1389067_0.csv
291,1392972,ttm,251423.0,104925.0,146498.0,0.5826754115574152,1392972_0.csv
292,1392972,12/30/2021,251423.0,104925.0,146498.0,0.5826754115574152,1392972_0.csv
293,1392972,12/30/2020,252424.0,104633.0,147791.0,0.585487116914398,1392972_0.csv
294,1392972,12/30/2019,250334.0,99117.0,151217.0,0.6040609745380172,1392972_0.csv
295,1392972,12/30/2018,197024.0,77179.0,119845.0,0.608276149098587,1392972_0.csv
296,1393052,ttm,1762039.0,481644.0,1280395.0,0.7266553123966042,1393052_0.csv
297,1393052,1/30/2021,1465069.0,408928.0,1056141.0,0.7208814055856755,1393052_0.csv
298,1393052,1/30/2020,1104081.0,303369.0,800712.0,0.7252293989299698,1393052_0.csv
299,1393052,1/30/2019,862210.0,245281.0,616929.0,0.7155205808329758,1393052_0.csv
300,1393548,ttm,0.0,8038.0,8038.0,0.0,1393548_0.csv
301,1393548,9/29/2021,0.0,7219.0,7219.0,0.0,1393548_0.csv
302,1393548,9/29/2020,0.0,1999.0,1999.0,0.0,1393548_0.csv
303,1397183,ttm,2521.0,1983.0,538.215,0.21340737802459342,1397183_0.csv
304,1402436,ttm,5051000.0,2641700.0,2409300.0,0.47699465452385664,1402436_0.csv
305,1402436,12/30/2021,5051000.0,2641700.0,2409300.0,0.47699465452385664,1402436_0.csv
306,1402436,12/30/2020,4667900.0,2574100.0,2093800.0,0.4485528824524947,1402436_0.csv
307,1402436,12/30/2019,4632900.0,2611700.0,2021200.0,0.43627101815277686,1402436_0.csv
308,1402436,12/30/2018,3421100.0,2051100.0,1370000.0,0.40045599368624124,1402436_0.csv
309,1404655,ttm,1300658.0,258857.0,1041801.0,0.8009799655251418,1404655_0.csv
310,1404655,12/30/2021,1300658.0,258857.0,1041801.0,0.8009799655251418,1404655_0.csv
311,1404655,12/30/2020,883026.0,166959.0,716067.0,0.8109240271520883,1404655_0.csv
312,1404655,12/30/2019,674860.0,129958.0,544902.0,0.8074296891207066,1404655_0.csv
313,1404655,12/30/2018,512980.0,100357.0,412623.0,0.8043646925806074,1404655_0.csv
314,1410384,ttm,498720.0,273685.0,225035.0,0.4512251363490536,1410384_0.csv
315,1410384,12/30/2021,498720.0,273685.0,225035.0,0.4512251363490536,1410384_0.csv
316,1410384,12/30/2020,402751.0,228152.0,174599.0,0.433515993752964,1410384_0.csv
317,1410384,12/30/2019,315484.0,162485.0,152999.0,0.4849659570691382,1410384_0.csv
318,1410384,12/30/2018,241100.0,121855.0,119245.0,0.4945873081708835,1410384_0.csv
319,1418100,ttm,2943000.0,1340000.0,1603000.0,0.544682296975875,1418100_0.csv
320,1418100,9/29/2021,2973000.0,1323000.0,1650000.0,0.5549949545913219,1418100_0.csv
321,1418100,9/29/2020,2873000.0,1293000.0,1580000.0,0.5499477897667943,1418100_0.csv
322,1418100,9/29/2019,2887000.0,1312000.0,1575000.0,0.545549012816072,1418100_0.csv
323,1418100,9/29/2018,2887000.0,1312000.0,1575000.0,0.545549012816072,1418100_0.csv
324,1423774,ttm,335333.0,136540.0,198793.0,0.5928226568813687,1423774_0.csv
325,1423774,1/30/2021,305420.0,130770.0,174650.0,0.571835505205946,1423774_0.csv
326,1423774,1/30/2020,276057.0,134181.0,141876.0,0.5139373390278095,1423774_0.csv
327,1423774,1/30/2019,235196.0,116590.0,118606.0,0.5042857871732512,1423774_0.csv
328,1433195,ttm,359370.0,143944.0,215426.0,0.5994546011074937,1433195_0.csv
329,1433195,12/30/2021,359370.0,143944.0,215426.0,0.5994546011074937,1433195_0.csv
330,1433195,12/30/2020,310056.0,119029.0,191027.0,0.6161048326753876,1433195_0.csv
331,1433195,12/30/2019,256012.0,101642.0,154370.0,0.6029795478336953,1433195_0.csv
332,1433195,12/30/2018,190071.0,73549.0,116522.0,0.6130445991234854,1433195_0.csv
333,1437352,ttm,368433.0,114216.0,254217.0,0.6899951958700767,1437352_0.csv
334,1437352,12/30/2021,368433.0,114216.0,254217.0,0.6899951958700767,1437352_0.csv
335,1437352,12/30/2020,271141.0,83028.0,188113.0,0.6937829395038007,1437352_0.csv
336,1437352,12/30/2019,200882.0,63535.0,137347.0,0.6837197957009588,1437352_0.csv
337,1437352,12/30/2018,147094.0,46810.0,100284.0,0.6817681210654412,1437352_0.csv
338,1437491,ttm,24632.0,18776.0,5856.0,0.23773952582007146,1437491_0.csv
339,1437491,3/30/2021,15563.0,14727.0,836.0,0.05371714964981045,1437491_0.csv
340,1437491,3/30/2020,581.0,259.0,322.0,0.5542168674698795,1437491_0.csv
341,1437491,3/30/2019,1062.0,699.0,363.0,0.3418079096045198,1437491_0.csv
342,1437491,3/30/2018,558.0,243.0,315.0,0.5645161290322581,1437491_0.csv
343,1441683,ttm,369259.0,104093.0,265166.0,0.7181030117072299,1441683_0.csv
344,1441683,12/30/2021,369259.0,104093.0,265166.0,0.7181030117072299,1441683_0.csv
345,1441683,12/30/2020,304573.0,88766.0,215807.0,0.7085559127040151,1441683_0.csv
346,1441683,12/30/2019,260352.0,93841.0,166511.0,0.6395610558013766,1441683_0.csv
347,1441683,12/30/2018,226743.0,84925.0,141818.0,0.6254570152110539,1441683_0.csv
348,1441816,ttm,778287.0,234679.0,543608.0,0.6984672749255737,1441816_0.csv
349,1441816,1/30/2021,590380.0,177076.0,413304.0,0.7000643653240286,1441816_0.csv
350,1441816,1/30/2020,421720.0,125356.0,296364.0,0.7027506402352272,1441816_0.csv
351,1441816,1/30/2019,267016.0,73568.0,193448.0,0.724480929981724,1441816_0.csv
352,1445305,ttm,443285.0,103833.0,339452.0,0.7657646886314673,1445305_0.csv
353,1445305,12/30/2021,443285.0,103833.0,339452.0,0.7657646886314673,1445305_0.csv
354,1445305,12/30/2020,351594.0,90177.0,261417.0,0.7435195139848803,1445305_0.csv
355,1445305,12/30/2019,297891.0,85012.0,212879.0,0.7146204484190526,1445305_0.csv
356,1445305,12/30/2018,244344.0,65860.0,178484.0,0.7304619716465311,1445305_0.csv
357,1447669,ttm,2841839.0,1451126.0,1390713.0,0.48937079123764576,1447669_0.csv
358,1447669,12/30/2021,2841839.0,1451126.0,1390713.0,0.48937079123764576,1447669_0.csv
359,1447669,12/30/2020,1761776.0,846115.0,915661.0,0.5197374694626331,1447669_0.csv
360,1447669,12/30/2019,1134468.0,525551.0,608917.0,0.536742332088697,1447669_0.csv
361,1447669,12/30/2018,650067.0,300841.0,349226.0,0.5372153947208519,1447669_0.csv
362,1448056,ttm,752438.0,249444.0,502994.0,0.6684856426708912,1448056_0.csv
363,1448056,3/30/2021,667648.0,181564.0,486084.0,0.7280543040644172,1448056_0.csv
364,1448056,3/30/2020,599510.0,103237.0,496273.0,0.8277977014561892,1448056_0.csv
365,1448056,3/30/2019,479225.0,77399.0,401826.0,0.8384913141008921,1448056_0.csv
366,1448056,3/30/2018,355058.0,62725.0,292333.0,0.8233387221242726,1448056_0.csv
367,1459200,ttm,748969.0,305899.0,443070.0,0.5915732159809017,1459200_0.csv
368,1459200,12/30/2021,748969.0,305899.0,443070.0,0.5915732159809017,1459200_0.csv
369,1459200,12/30/2020,618003.0,227428.0,390575.0,0.6319953139386055,1459200_0.csv
370,1459200,12/30/2019,502363.0,183599.0,318764.0,0.6345292149302397,1459200_0.csv
371,1459200,12/30/2018,420494.0,145715.0,274779.0,0.6534671124914981,1459200_0.csv
372,1459417,ttm,945682.0,269365.0,676317.0,0.7151632366905577,1459417_0.csv
373,1459417,12/30/2021,945682.0,269365.0,676317.0,0.7151632366905577,1459417_0.csv
374,1459417,12/30/2020,774533.0,233819.0,540714.0,0.698116155154138,1459417_0.csv
375,1459417,12/30/2019,574671.0,162160.0,412511.0,0.7178211533207697,1459417_0.csv
376,1459417,12/30/2018,411769.0,90493.0,321276.0,0.7802335775641197,1459417_0.csv
377,1463172,ttm,1338603.0,274883.0,1063720.0,0.7946493471178535,1463172_0.csv
378,1463172,12/30/2021,1338603.0,274883.0,1063720.0,0.7946493471178535,1463172_0.csv
379,1463172,12/30/2020,1029564.0,251255.0,778309.0,0.7559598043443633,1463172_0.csv
380,1463172,12/30/2019,816416.0,234282.0,582134.0,0.7130360012542626,1463172_0.csv
381,1463172,12/30/2018,598746.0,181255.0,417491.0,0.6972756394197206,1463172_0.csv
382,1467623,ttm,2157900.0,444200.0,1713700.0,0.7941517215811669,1467623_0.csv
383,1467623,12/30/2021,2157900.0,444200.0,1713700.0,0.7941517215811669,1467623_0.csv
384,1467623,12/30/2020,1913900.0,414600.0,1499300.0,0.7833742619781597,1467623_0.csv
385,1467623,12/30/2019,1661300.0,411000.0,1250300.0,0.7526033828929152,1467623_0.csv
386,1467623,12/30/2018,1391700.0,394700.0,997000.0,0.7163900265861896,1467623_0.csv
387,1467761,ttm,58680.0,40094.0,18585.0,0.3167348329925017,1467761_0.csv
388,1467761,12/30/2020,47989.0,34382.0,13606.0,0.2835441455333514,1467761_0.csv
389,1467761,12/30/2019,37614.0,26709.0,10906.0,0.289918647312171,1467761_0.csv
390,1467761,12/30/2018,32323.0,20679.0,11644.0,0.3602388392166569,1467761_0.csv
391,1468666,ttm,547070.0,226325.0,320745.0,0.5862960864240409,1468666_0.csv
392,1468666,1/30/2021,561034.0,242167.0,318867.0,0.5683559285177012,1468666_0.csv
393,1468666,1/30/2020,552765.0,252796.0,299969.0,0.542670031568569,1468666_0.csv
394,1468666,1/30/2019,518709.0,246117.0,272592.0,0.525520089298624,1468666_0.csv
395,1477333,ttm,656426.0,147134.0,509292.0,0.7758559228306009,1477333_0.csv
396,1477333,12/30/2021,656426.0,147134.0,509292.0,0.7758559228306009,1477333_0.csv
397,1477333,12/30/2020,431059.0,101055.0,330004.0,0.7655657346210147,1477333_0.csv
398,1477333,12/30/2019,287022.0,63423.0,223599.0,0.7790308756820035,1477333_0.csv
399,1477333,12/30/2018,192674.0,43537.0,149137.0,0.774038012393992,1477333_0.csv
400,1477720,ttm,334857.0,35557.0,299300.0,0.8938143744941871,1477720_0.csv
401,1477720,1/30/2021,227004.0,28741.0,198263.0,0.8733898962132826,1477720_0.csv
402,1477720,1/30/2020,142606.0,19881.0,122725.0,0.8605879135520245,1477720_0.csv
403,1477720,1/30/2019,76770.0,13832.0,62938.0,0.819825452650775,1477720_0.csv
404,1479000,ttm,25.255,1124.0,1099.0,-43.50603840823599,1479000_0.csv
405,1479000,10/30/2018,44.001,3957.0,3913.0,-88.92977432331084,1479000_0.csv
406,1505155,ttm,302016.0,99453.0,202563.0,0.6707028766687858,1505155_0.csv
407,1505155,12/30/2021,302016.0,99453.0,202563.0,0.6707028766687858,1505155_0.csv
408,1505155,12/30/2020,291778.0,98446.0,193332.0,0.6625996476773437,1505155_0.csv
409,1505155,12/30/2019,222637.0,69117.0,153520.0,0.6895529494199077,1505155_0.csv
410,1505155,12/30/2018,149885.0,48589.0,101296.0,0.6758247990125763,1505155_0.csv
411,1505952,ttm,244811.0,63132.0,181679.0,0.7421194309079249,1505952_0.csv
412,1505952,1/30/2021,210180.0,56748.0,153432.0,0.7300028546959749,1505952_0.csv
413,1505952,1/30/2020,173395.0,55930.0,117465.0,0.6774416794025202,1505952_0.csv
414,1505952,1/30/2019,142464.0,49554.0,92910.0,0.6521647574123989,1505952_0.csv
415,1517375,ttm,187859.0,46788.0,141071.0,0.7509408652233857,1517375_0.csv
416,1517375,12/30/2021,187859.0,46788.0,141071.0,0.7509408652233857,1517375_0.csv
417,1517375,12/30/2020,132949.0,34917.0,98032.0,0.7373654559267088,1517375_0.csv
418,1517375,12/30/2019,102707.0,28154.0,74553.0,0.7258804171088631,1517375_0.csv
419,1517375,12/30/2018,78813.0,20994.0,57819.0,0.7336226257089566,1517375_0.csv
420,1517413,ttm,339262.0,152811.0,186451.0,0.549578202097494,1517413_0.csv
421,1517413,12/30/2020,290874.0,120007.0,170867.0,0.5874261707818506,1517413_0.csv
422,1517413,12/30/2019,200462.0,88322.0,112140.0,0.5594077680557912,1517413_0.csv
423,1517413,12/30/2018,144563.0,65499.0,79064.0,0.5469172609865595,1517413_0.csv
424,1522787,ttm,0.0,205.794,205.794,0.0,1522787_0.csv
425,1522787,3/30/2019,0.0,581.047,581.047,0.0,1522787_0.csv
426,1522787,3/30/2018,0.0,236.596,236.596,0.0,1522787_0.csv
427,1528396,ttm,739399.0,387266.0,352133.0,0.47624219129319895,1528396_0.csv
428,1528396,7/30/2021,743267.0,375054.0,368213.0,0.4953980198232936,1528396_0.csv
429,1528396,7/30/2020,742307.0,338015.0,404292.0,0.5446425804956709,1528396_0.csv
430,1528396,7/30/2019,719514.0,324350.0,395164.0,0.5492096053725153,1528396_0.csv
431,1528396,7/30/2018,661067.0,296707.0,364360.0,0.5511695486236645,1528396_0.csv
432,1535527,ttm,1285513.0,337333.0,948180.0,0.7375888069587784,1535527_0.csv
433,1535527,1/30/2021,874438.0,229545.0,644893.0,0.7374942534519314,1535527_0.csv
434,1535527,1/30/2020,481413.0,141627.0,339786.0,0.7058097724822554,1535527_0.csv
435,1535527,1/30/2019,249824.0,87238.0,162586.0,0.6508021647239657,1535527_0.csv
436,1540755,ttm,552022.0,140609.0,411413.0,0.7452837024611338,1540755_0.csv
437,1540755,1/30/2021,447755.0,108979.0,338776.0,0.7566101997744302,1540755_0.csv
438,1540755,1/30/2020,348022.0,90777.0,257245.0,0.7391630414169219,1540755_0.csv
439,1540755,1/30/2019,240642.0,67398.0,173244.0,0.7199242027576234,1540755_0.csv
440,1556753,ttm,0.0,0.0,0.0,0.0,1556753_0.csv
441,1560327,ttm,535404.0,168948.0,366456.0,0.684447632068494,1560327_0.csv
442,1560327,12/30/2021,535404.0,168948.0,366456.0,0.684447632068494,1560327_0.csv
443,1560327,12/30/2020,411486.0,121517.0,289969.0,0.7046874012724613,1560327_0.csv
444,1560327,12/30/2019,326947.0,91146.0,235801.0,0.7212208706609939,1560327_0.csv
445,1560327,12/30/2018,244091.0,71083.0,173008.0,0.7087848384414009,1560327_0.csv
446,1561550,ttm,1028784.0,234245.0,794539.0,0.7723088617241326,1561550_0.csv
447,1561550,12/30/2021,1028784.0,234245.0,794539.0,0.7723088617241326,1561550_0.csv
448,1561550,12/30/2020,603466.0,130197.0,473269.0,0.7842513082758598,1561550_0.csv
449,1561550,12/30/2019,362780.0,88949.0,273831.0,0.7548128342245989,1561550_0.csv
450,1561550,12/30/2018,198077.0,46529.0,151548.0,0.7650964019043099,1561550_0.csv
451,1566610,ttm,9917.0,4718.0,5199.0,0.5242512856710699,1566610_0.csv
452,1566610,12/30/2020,9965.0,4801.0,5164.0,0.5182137481184145,1566610_0.csv
453,1566610,12/30/2019,9100.0,4870.0,4230.0,0.46483516483516485,1566610_0.csv
454,1566610,12/30/2018,32.0,52.0,20.0,-0.625,1566610_0.csv
455,1567771,ttm,0.0,-,-,0.0,1567771_0.csv
456,1567771,12/30/2020,0.0,0.0,0.0,0.0,1567771_0.csv
457,1567771,12/30/2019,0.0,0.0,0.0,0.0,1567771_0.csv
458,1567771,12/30/2018,0.0,0.0,0.0,0.0,1567771_0.csv
459,1567900,ttm,5468.0,1776.0,3693.0,0.6752011704462326,1567900_0.csv
460,1567900,12/30/2020,3368.0,1201.0,2166.0,0.6434085510688836,1567900_0.csv
461,1567900,12/30/2019,1063.0,736.612,325.961,0.3070442144873001,1567900_0.csv
462,1567900,12/30/2018,692.803,645.318,47.485,0.0685404075906138,1567900_0.csv
463,1568100,ttm,262171.0,43834.0,218337.0,0.8328037807385256,1568100_0.csv
464,1568100,1/30/2021,213556.0,30686.0,182870.0,0.8563093521137313,1568100_0.csv
465,1568100,1/30/2020,166351.0,24579.0,141772.0,0.8522461542160853,1568100_0.csv
466,1568100,1/30/2019,117823.0,17255.0,100568.0,0.8535515137112448,1568100_0.csv
467,1576169,ttm,264223.0,122836.0,141387.0,0.5351048167646268,1576169_0.csv
468,1576169,12/30/2020,268141.0,129388.0,138753.0,0.5174628273930507,1576169_0.csv
469,1576169,12/30/2019,295686.0,144090.0,151596.0,0.5126925184148049,1576169_0.csv
470,1576169,12/30/2018,258721.0,129277.0,129444.0,0.5003227414860023,1576169_0.csv
471,1576914,ttm,141530.0,51097.0,90433.0,0.6389670034621635,1576914_0.csv
472,1576914,3/30/2021,126894.0,43865.0,83029.0,0.6543177770422557,1576914_0.csv
473,1576914,3/30/2020,145650.0,53015.0,92635.0,0.6360109852385857,1576914_0.csv
474,1576914,3/30/2019,136151.0,45192.0,90959.0,0.6680744173748265,1576914_0.csv
475,1576914,3/30/2018,144551.0,49546.0,95005.0,0.6572420806497361,1576914_0.csv
476,1580808,ttm,250042.0,53505.0,196537.0,0.7860159493205141,1580808_0.csv
477,1580808,12/30/2021,250042.0,53505.0,196537.0,0.7860159493205141,1580808_0.csv
478,1580808,12/30/2020,225527.0,50148.0,175379.0,0.7776408146252999,1580808_0.csv
479,1580808,12/30/2019,212628.0,48881.0,163747.0,0.7701102394792784,1580808_0.csv
480,1580808,12/30/2018,232223.0,51896.0,180327.0,0.7765251503942331,1580808_0.csv
481,1585521,ttm,4099864.0,1054554.0,3045310.0,0.7427831752467887,1585521_0.csv
482,1585521,1/30/2022,4099864.0,1054554.0,3045310.0,0.7427831752467887,1585521_0.csv
483,1585521,1/30/2021,2651368.0,821989.0,1829379.0,0.6899755145268405,1585521_0.csv
484,1585521,1/30/2020,622658.0,115396.0,507262.0,0.8146719386886542,1585521_0.csv
485,1585521,1/30/2019,330517.0,61001.0,269516.0,0.8154376325574781,1585521_0.csv
486,1590955,ttm,1055524.0,161886.0,893638.0,0.8466297308256373,1590955_0.csv
487,1590955,12/30/2021,1055524.0,161886.0,893638.0,0.8466297308256373,1590955_0.csv
488,1590955,12/30/2020,841434.0,123546.0,717888.0,0.8531720847980947,1590955_0.csv
489,1590955,12/30/2019,737671.0,109747.0,627924.0,0.8512250041007441,1590955_0.csv
490,1590955,12/30/2018,566336.0,90763.0,475573.0,0.839736481523336,1590955_0.csv
491,1591698,ttm,731238.0,250446.0,480792.0,0.657504123144585,1591698_0.csv
492,1591698,6/29/2021,635627.0,219298.0,416329.0,0.6549894828256194,1591698_0.csv
493,1591698,6/29/2020,561329.0,182010.0,379319.0,0.6757516536647848,1591698_0.csv
494,1591698,6/29/2019,467633.0,153851.0,313782.0,0.6710005495762703,1591698_0.csv
495,1591698,6/29/2018,377527.0,149197.0,228330.0,0.6048044245842019,1591698_0.csv
496,1609702,ttm,1729900.0,899200.0,830700.0,0.4802011676975548,1609702_0.csv
497,1609702,6/29/2021,1673200.0,875000.0,798200.0,0.477049964140569,1609702_0.csv
498,1609702,6/29/2020,1960100.0,966500.0,993600.0,0.5069129126064996,1609702_0.csv
499,1609702,6/29/2019,1914800.0,899800.0,1015000.0,0.5300814706496763,1609702_0.csv
500,1609702,6/29/2018,2273200.0,1182000.0,1091200.0,0.48002815414393807,1609702_0.csv
501,1614178,ttm,381839.0,95321.0,286518.0,0.7503633730446602,1614178_0.csv
502,1614178,1/30/2021,354661.0,86404.0,268257.0,0.756375806756311,1614178_0.csv
503,1614178,1/30/2020,298829.0,77030.0,221799.0,0.7422271600145903,1614178_0.csv
504,1614178,1/30/2019,228283.0,57413.0,170870.0,0.7485007644020799,1614178_0.csv
505,1615165,ttm,76974.0,19959.0,57015.0,0.7407046535193702,1615165_0.csv
506,1615165,12/30/2020,57708.0,15663.0,42045.0,0.7285818257433978,1615165_0.csv
507,1615165,12/30/2019,49648.0,17289.0,32359.0,0.651768449887206,1615165_0.csv
508,1615165,12/30/2018,27047.0,6479.0,20568.0,0.7604540244759123,1615165_0.csv
509,1618732,ttm,1460127.0,305393.0,1154734.0,0.7908449059568106,1618732_0.csv
510,1618732,7/30/2021,1394364.0,291906.0,1102458.0,0.7906529428470614,1618732_0.csv
511,1618732,7/30/2020,1307682.0,286689.0,1020993.0,0.7807655072104686,1618732_0.csv
512,1618732,7/30/2019,1236143.0,304128.0,932015.0,0.753970212184189,1618732_0.csv
513,1618732,7/30/2018,1155457.0,386030.0,769427.0,0.6659070826521454,1618732_0.csv
514,1624512,ttm,173049.0,132303.0,40746.0,0.23545932077041762,1624512_0.csv
515,1624512,12/30/2020,54891.0,45023.0,9868.0,0.17977446211582956,1624512_0.csv
516,1624512,12/30/2019,33030.0,24089.0,8942.0,0.27069330911292766,1624512_0.csv
517,1624512,12/30/2018,37841.0,29188.0,8653.0,0.22866731851695252,1624512_0.csv
518,1626450,ttm,198101.0,42054.0,156047.0,0.7877143477317126,1626450_0.csv
519,1626450,12/30/2020,152368.0,34126.0,118242.0,0.7760290874724352,1626450_0.csv
520,1626450,12/30/2019,112103.0,27023.0,85080.0,0.7589448988876302,1626450_0.csv
521,1626450,12/30/2018,91867.0,21937.0,69930.0,0.7612091392992043,1626450_0.csv
522,1627857,ttm,406699.0,111007.0,295692.0,0.7270536686837195,1627857_0.csv
523,1627857,12/30/2020,365254.0,85747.0,279507.0,0.7652400795063161,1627857_0.csv
524,1627857,12/30/2019,288515.0,65475.0,223040.0,0.7730620591650348,1627857_0.csv
525,1627857,12/30/2018,248920.0,54670.0,194250.0,0.78037120359955,1627857_0.csv
526,1640147,ttm,1026018.0,407157.0,618861.0,0.6031677806822102,1640147_0.csv
527,1640147,1/30/2021,592049.0,242588.0,349461.0,0.5902568875211343,1640147_0.csv
528,1640147,1/30/2020,264748.0,116557.0,148191.0,0.5597436052396997,1640147_0.csv
529,1640147,1/30/2019,96666.0,51753.0,44913.0,0.4646204456582459,1640147_0.csv
530,1643269,ttm,229228.0,69909.0,159319.0,0.6950241680771982,1643269_0.csv
531,1643269,1/30/2021,202637.0,56492.0,146145.0,0.7212157700716059,1643269_0.csv
532,1643269,1/30/2020,155056.0,44498.0,110558.0,0.7130198121968837,1643269_0.csv
533,1643269,1/30/2019,103642.0,29010.0,74632.0,0.7200941703170529,1643269_0.csv
534,1660134,ttm,1151926.0,338043.0,813883.0,0.7065410451713044,1660134_0.csv
535,1660134,1/30/2021,835424.0,217681.0,617743.0,0.7394365017045237,1660134_0.csv
536,1660134,1/30/2020,586067.0,159382.0,426685.0,0.7280481583163699,1660134_0.csv
537,1660134,1/30/2019,399254.0,113421.0,285833.0,0.7159176864852951,1660134_0.csv
538,1660280,ttm,541130.0,106396.0,434734.0,0.8033818121338681,1660280_0.csv
539,1660280,12/30/2021,541130.0,106396.0,434734.0,0.8033818121338681,1660280_0.csv
540,1660280,12/30/2020,440221.0,77554.0,362667.0,0.8238293947812576,1660280_0.csv
541,1660280,12/30/2019,354586.0,60818.0,293768.0,0.8284816659428178,1660280_0.csv
542,1660280,12/30/2018,267360.0,43167.0,224193.0,0.8385435368043088,1660280_0.csv
543,1665300,ttm,7260.0,3442.0,3818.0,0.5258953168044077,1665300_0.csv
544,1665300,12/30/2020,10001.0,3357.0,6644.0,0.6643335666433356,1665300_0.csv
545,1665300,12/30/2019,19150.0,9020.0,10130.0,0.528981723237598,1665300_0.csv
546,1665300,12/30/2018,30883.0,11802.0,19081.0,0.6178480069941392,1665300_0.csv
547,1665300,11/29/2018,0.0,-,-,0.0,1665300_0.csv
548,1666134,ttm,425706.0,97871.0,327835.0,0.7700972032341569,1666134_0.csv
549,1666134,12/30/2021,425706.0,97871.0,327835.0,0.7700972032341569,1666134_0.csv
550,1666134,12/30/2020,351737.0,68972.0,282765.0,0.8039103079857962,1666134_0.csv
551,1666134,12/30/2019,288976.0,58975.0,230001.0,0.795917308011738,1666134_0.csv
552,1666134,12/30/2018,227788.0,50874.0,176914.0,0.7766607547368606,1666134_0.csv
553,1671933,ttm,1196467.0,221554.0,974913.0,0.814826484976184,1671933_0.csv
554,1671933,12/30/2021,1196467.0,221554.0,974913.0,0.814826484976184,1671933_0.csv
555,1671933,12/30/2020,836033.0,178812.0,657221.0,0.7861184905380529,1671933_0.csv
556,1671933,12/30/2019,661058.0,156180.0,504878.0,0.7637423645126449,1671933_0.csv
557,1671933,12/30/2018,477294.0,114098.0,363196.0,0.7609481786907022,1671933_0.csv
558,1679826,ttm,299449.0,94882.0,204567.0,0.6831447091157425,1679826_0.csv
559,1679826,12/30/2021,299449.0,94882.0,204567.0,0.6831447091157425,1679826_0.csv
560,1679826,12/30/2020,243589.0,68211.0,175378.0,0.7199750399238061,1679826_0.csv
561,1679826,12/30/2019,242898.0,55704.0,187194.0,0.7706691697749672,1679826_0.csv
562,1679826,12/30/2018,201562.0,44611.0,156951.0,0.7786735595003026,1679826_0.csv
563,1682325,ttm,60453.0,22372.0,38081.0,0.6299273816022365,1682325_0.csv
564,1682325,12/30/2021,60453.0,22372.0,38081.0,0.6299273816022365,1682325_0.csv
565,1682325,12/30/2020,48128.0,18468.0,29660.0,0.6162732712765957,1682325_0.csv
566,1682325,12/30/2018,0.0,-,-,0.0,1682325_0.csv
567,1689923,ttm,536135.0,55753.0,480382.0,0.8960094006173818,1689923_0.csv
568,1689923,12/30/2021,536135.0,55753.0,480382.0,0.8960094006173818,1689923_0.csv
569,1689923,12/30/2020,495308.0,43839.0,451469.0,0.9114914356319704,1689923_0.csv
570,1689923,12/30/2019,417910.0,39151.0,378759.0,0.9063171496255175,1689923_0.csv
571,1689923,12/30/2018,253570.0,22800.0,230770.0,0.9100840004732421,1689923_0.csv
572,1701732,ttm,532179.0,129666.0,402513.0,0.7563488976453412,1701732_0.csv
573,1701732,12/30/2021,532179.0,129666.0,402513.0,0.7563488976453412,1701732_0.csv
574,1701732,12/30/2020,469921.0,121305.0,348616.0,0.7418608659753448,1701732_0.csv
575,1701732,12/30/2019,458915.0,132599.0,326316.0,0.7110597823126287,1701732_0.csv
576,1701732,12/30/2018,396379.0,115973.0,280406.0,0.7074189096798771,1701732_0.csv
577,1707753,ttm,733800.0,191321.0,542479.0,0.7392736440446989,1707753_0.csv
578,1707753,4/29/2021,608489.0,161054.0,447435.0,0.7353214273388673,1707753_0.csv
579,1707753,4/29/2020,427620.0,122690.0,304930.0,0.7130863851082737,1707753_0.csv
580,1707753,4/29/2019,271653.0,78010.0,193643.0,0.7128321792875469,1707753_0.csv
581,1707753,4/29/2018,159935.0,40740.0,119195.0,0.7452715165535999,1707753_0.csv
582,1713683,ttm,859558.0,194407.0,665151.0,0.77382910751805,1713683_0.csv
583,1713683,7/30/2021,673100.0,150317.0,522783.0,0.7766795424156886,1713683_0.csv
584,1713683,7/30/2020,431269.0,95733.0,335536.0,0.7780202147615526,1713683_0.csv
585,1713683,7/30/2019,302836.0,59669.0,243167.0,0.8029659617746899,1713683_0.csv
586,1713683,7/30/2018,190174.0,37875.0,152299.0,0.8008402831091527,1713683_0.csv
587,1721947,ttm,339172.0,80055.0,259117.0,0.7639693135046525,1721947_0.csv
588,1721947,12/30/2020,269451.0,60788.0,208663.0,0.7744005403579872,1721947_0.csv
589,1721947,12/30/2019,204027.0,56029.0,147998.0,0.7253843853999715,1721947_0.csv
590,1721947,12/30/2018,146562.0,49303.0,97259.0,0.6636031167696947,1721947_0.csv
591,1724570,ttm,618657.0,176348.0,442309.0,0.7149502874775522,1724570_0.csv
592,1724570,12/30/2021,618657.0,176348.0,442309.0,0.7149502874775522,1724570_0.csv
593,1724570,12/30/2020,518785.0,150204.0,368581.0,0.7104696550594177,1724570_0.csv
594,1724570,12/30/2019,458752.0,157307.0,301445.0,0.6570979527064732,1724570_0.csv
595,1724570,12/30/2018,387355.0,139871.0,247484.0,0.638907462147126,1724570_0.csv
596,1725057,ttm,1024200.0,641900.0,382300.0,0.3732669400507713,1725057_0.csv
597,1725057,12/30/2021,1024200.0,641900.0,382300.0,0.3732669400507713,1725057_0.csv
598,1725057,12/30/2020,842500.0,501200.0,341300.0,0.4051038575667656,1725057_0.csv
599,1725057,12/30/2019,824100.0,455900.0,368200.0,0.4467904380536343,1725057_0.csv
600,1725057,12/30/2018,746400.0,425800.0,320600.0,0.4295284030010718,1725057_0.csv
601,1739936,ttm,443786.0,86421.0,357365.0,0.805264248984871,1739936_0.csv
602,1739936,12/30/2021,443786.0,86421.0,357365.0,0.805264248984871,1739936_0.csv
603,1739936,12/30/2020,375610.0,83917.0,291693.0,0.7765847554644445,1739936_0.csv
604,1739936,12/30/2019,307421.0,76524.0,230897.0,0.7510775125967322,1739936_0.csv
605,1739936,12/30/2018,254324.0,77982.0,176342.0,0.6933753794372532,1739936_0.csv
606,1739942,ttm,718632.0,227016.0,491616.0,0.6840997896002404,1739942_0.csv
607,1739942,12/30/2021,718632.0,227016.0,491616.0,0.6840997896002404,1739942_0.csv
608,1739942,12/30/2020,1019241.0,274616.0,744625.0,0.7305681384481197,1739942_0.csv
609,1739942,12/30/2019,932525.0,255454.0,677071.0,0.726062035870352,1739942_0.csv
610,1739942,12/30/2018,833089.0,246735.0,586354.0,0.7038311632970787,1739942_0.csv
611,1768267,ttm,387965.0,98413.0,289552.0,0.7463353653035713,1768267_0.csv
612,1768267,9/29/2021,387182.0,101074.0,286108.0,0.7389496412539839,1768267_0.csv
613,1768267,9/29/2020,329646.0,107851.0,221795.0,0.6728278213598831,1768267_0.csv
614,1768267,9/29/2019,303315.0,99343.0,203972.0,0.6724758089774656,1768267_0.csv
615,1768267,9/29/2018,276984.0,82964.0,194020.0,0.7004736735695924,1768267_0.csv
616,1773383,ttm,873364.0,160295.0,713069.0,0.8164625516966579,1773383_0.csv
617,1773383,3/30/2021,703509.0,127708.0,575801.0,0.8184699840371623,1773383_0.csv
618,1773383,3/30/2020,545803.0,128931.0,416872.0,0.76377740686658,1773383_0.csv
619,1773383,3/30/2019,430966.0,106801.0,324165.0,0.7521823067248925,1773383_0.csv
620,1773383,3/30/2018,398047.0,96534.0,301513.0,0.757480900496675,1773383_0.csv
621,1786352,ttm,412838.0,99948.0,312890.0,0.7579001932961598,1786352_0.csv
622,1786352,6/29/2021,238265.0,61806.0,176459.0,0.7405997523765555,1786352_0.csv
623,1786352,6/29/2020,157600.0,39144.0,118456.0,0.7516243654822335,1786352_0.csv
624,1786352,6/29/2019,108351.0,29918.0,78433.0,0.7238788751372853,1786352_0.csv
625,1786352,6/29/2018,64865.0,19372.0,45493.0,0.7013489555230094,1786352_0.csv
626,1794515,ttm,747200.0,136700.0,610500.0,0.8170503211991434,1794515_0.csv
627,1794515,12/30/2021,747200.0,136700.0,610500.0,0.8170503211991434,1794515_0.csv
628,1794515,12/30/2020,476200.0,107500.0,368700.0,0.7742545149097018,1794515_0.csv
629,1794515,12/30/2019,293300.0,68600.0,224700.0,0.766109785202864,1794515_0.csv
630,1794515,12/30/2018,144300.0,37800.0,106500.0,0.738045738045738,1794515_0.csv
631,1800667,ttm,206683.0,41823.0,164860.0,0.7976466376044474,1800667_0.csv
632,1800667,12/30/2021,206683.0,41823.0,164860.0,0.7976466376044474,1800667_0.csv
633,1800667,12/30/2020,150827.0,28451.0,122376.0,0.8113666651196404,1800667_0.csv
634,1800667,12/30/2019,104716.0,20035.0,84681.0,0.8086729821612743,1800667_0.csv
635,1800667,12/30/2018,63532.0,10711.0,52821.0,0.8314077944972612,1800667_0.csv
636,1803696,ttm,877696.0,126758.0,750938.0,0.8555786969520198,1803696_0.csv
637,1803696,12/30/2021,877696.0,126758.0,750938.0,0.8555786969520198,1803696_0.csv
638,1803696,12/30/2020,892020.0,78357.0,813663.0,0.9121577991524854,1803696_0.csv
639,1803696,12/30/2019,280067.0,8460.0,271607.0,0.9697929424030678,1803696_0.csv
640,1803696,12/30/2018,406133.0,13291.0,392842.0,0.9672742672966738,1803696_0.csv
641,1806837,ttm,413436.0,154462.0,258974.0,0.6263944117106396,1806837_0.csv
642,1806837,12/30/2020,374665.0,165387.0,209278.0,0.5585736591354944,1806837_0.csv
643,1806837,12/30/2019,321500.0,110378.0,211122.0,0.6566780715396578,1806837_0.csv
644,1806837,12/30/2018,272403.0,95698.0,176705.0,0.6486896252978124,1806837_0.csv
645,1810806,ttm,1110526.0,253630.0,856896.0,0.7716127312642838,1810806_0.csv
646,1810806,12/30/2021,1110526.0,253630.0,856896.0,0.7716127312642838,1810806_0.csv
647,1810806,12/30/2020,772445.0,172347.0,600098.0,0.7768812018978698,1810806_0.csv
648,1810806,12/30/2019,541779.0,118597.0,423182.0,0.7810970894036129,1810806_0.csv
649,1810806,12/30/2018,380755.0,81267.0,299488.0,0.7865635382332471,1810806_0.csv
650,317788,ttm,993389.0,686771.0,306618.0,0.3086585416186408,317788_0.csv
651,317788,3/30/2021,313579.0,181007.0,132572.0,0.4227706574738742,317788_0.csv
652,317788,3/30/2020,138715.0,85042.0,53673.0,0.38693003640557977,317788_0.csv
653,317788,3/30/2019,103569.0,68004.0,35565.0,0.34339425889986386,317788_0.csv
654,317788,3/30/2018,74751.0,49696.0,25055.0,0.3351794624821073,317788_0.csv
655,320340,ttm,48248.0,22902.0,25346.0,0.5253274747139778,320340_0.csv
656,320340,12/30/2021,48248.0,22902.0,25346.0,0.5253274747139778,320340_0.csv
657,320340,12/30/2020,35873.0,15427.0,20446.0,0.5699551194491679,320340_0.csv
658,320340,12/30/2019,34303.0,11759.0,22544.0,0.6572019939946944,320340_0.csv
659,320340,12/30/2018,20100.0,8524.0,11576.0,0.5759203980099502,320340_0.csv
660,50471,ttm,19521.0,4476.0,15045.0,0.7707084678039035,50471_0.csv
661,50471,6/29/2021,21007.0,6885.0,14122.0,0.6722521064407102,50471_0.csv
662,50471,6/29/2020,20038.0,6997.0,13041.0,0.6508134544365706,50471_0.csv
663,50471,6/29/2019,21170.0,5830.0,15340.0,0.7246102975909305,50471_0.csv
664,50471,6/29/2018,22036.0,6587.0,15449.0,0.7010800508259212,50471_0.csv
665,704366,ttm,0.0,648.011,648.011,0.0,704366_0.csv
666,704366,12/30/2019,0.0,598.349,598.349,0.0,704366_0.csv
667,704366,12/30/2018,0.0,523.935,523.935,0.0,704366_0.csv
668,713425,ttm,121470.0,50569.0,70901.0,0.5836914464476826,713425_0.csv
669,713425,4/29/2021,111408.0,50428.0,60980.0,0.5473574608645698,713425_0.csv
670,713425,4/29/2020,115466.0,52308.0,63158.0,0.5469835276185198,713425_0.csv
671,713425,4/29/2019,108706.0,51966.0,56740.0,0.5219583095689291,713425_0.csv
672,713425,4/29/2018,112703.0,50000.0,62703.0,0.5563560863508513,713425_0.csv
673,723531,ttm,4332300.0,1288300.0,3044000.0,0.702629088474944,723531_0.csv
674,723531,5/30/2021,4056800.0,1271200.0,2785600.0,0.6866495760205088,723531_0.csv
675,723531,5/30/2020,4040500.0,1280800.0,2759700.0,0.6830095285236976,723531_0.csv
676,723531,5/30/2019,3772500.0,1177800.0,2594700.0,0.68779324055666,723531_0.csv
677,723531,5/30/2018,3380900.0,1017800.0,2363100.0,0.69895589931675,723531_0.csv
678,727634,ttm,1117.0,143.0,974.0,0.8719785138764548,727634_0.csv
679,727634,12/30/2020,966.0,146.0,820.0,0.8488612836438924,727634_0.csv
680,727634,12/30/2019,844.0,121.0,723.0,0.8566350710900474,727634_0.csv
681,727634,12/30/2018,917.0,141.0,776.0,0.8462377317339149,727634_0.csv
682,736012,ttm,7212.0,2707.0,4505.0,0.6246533555185801,736012_0.csv
683,736012,12/30/2020,6619.0,2709.0,3910.0,0.5907236742710379,736012_0.csv
684,736012,12/30/2019,13643.0,5342.0,8301.0,0.6084438906398886,736012_0.csv
685,736012,12/30/2018,10276.0,3847.0,6429.0,0.6256325418450759,736012_0.csv
686,746210,ttm,9689.0,5363.0,4326.0,0.44648570543915783,746210_0.csv
687,746210,12/30/2020,15333.0,7280.0,8053.0,0.525207069718907,746210_0.csv
688,746210,12/30/2019,12827.0,7427.0,5400.0,0.4209869805878226,746210_0.csv
689,746210,12/30/2018,12557.0,7598.0,4959.0,0.394919168591224,746210_0.csv
690,769397,ttm,4386400.0,418500.0,3967900.0,0.9045914645267189,769397_0.csv
691,769397,1/30/2022,4386400.0,418500.0,3967900.0,0.9045914645267189,769397_0.csv
692,769397,1/30/2021,3790400.0,337100.0,3453300.0,0.9110647952722668,769397_0.csv
693,769397,1/30/2020,3274300.0,324900.0,2949400.0,0.9007726842378524,769397_0.csv
694,769397,1/30/2019,2569800.0,285900.0,2283900.0,0.8887462059304226,769397_0.csv
695,78749,ttm,152414.0,55096.0,97318.0,0.6385108979490073,78749_0.csv
696,78749,3/30/2021,137176.0,47800.0,89376.0,0.6515425438852277,78749_0.csv
697,78749,3/30/2020,160757.0,79805.0,80952.0,0.5035674962832101,78749_0.csv
698,78749,3/30/2019,140842.0,66962.0,73880.0,0.5245594353956916,78749_0.csv
699,78749,3/30/2018,127360.0,62943.0,64417.0,0.5057867462311558,78749_0.csv
700,789019,ttm,184903000.0,57642000.0,127261000.0,0.6882581677960877,789019_0.csv
701,789019,6/29/2021,168088000.0,52232000.0,115856000.0,0.689258007710247,789019_0.csv
702,789019,6/29/2020,143015000.0,46078000.0,96937000.0,0.6778100199279796,789019_0.csv
703,789019,6/29/2019,125843000.0,42910000.0,82933000.0,0.6590195720063889,789019_0.csv
704,789019,6/29/2018,110360000.0,38353000.0,72007000.0,0.652473722363175,789019_0.csv
705,796343,ttm,15785000.0,1865000.0,13920000.0,0.8818498574596135,796343_0.csv
706,796343,11/29/2021,15785000.0,1865000.0,13920000.0,0.8818498574596135,796343_0.csv
707,796343,11/29/2020,12868000.0,1722000.0,11146000.0,0.8661796705004663,796343_0.csv
708,796343,11/29/2019,11171297.0,1672720.0,9498577.0,0.8502662672024565,796343_0.csv
709,796343,11/29/2018,9030008.0,1194999.0,7835009.0,0.8676635723910765,796343_0.csv
710,807863,ttm,126294.0,13758.0,112536.0,0.8910637084897145,807863_0.csv
711,807863,9/29/2021,119797.0,14540.0,105257.0,0.8786280123876224,807863_0.csv
712,807863,9/29/2020,101310.0,13192.0,88118.0,0.8697858059421577,807863_0.csv
713,807863,9/29/2019,84590.0,12266.0,72324.0,0.8549946802222484,807863_0.csv
714,807863,9/29/2018,63559.0,8686.0,54873.0,0.8633395742538429,807863_0.csv
715,807882,ttm,1143670.0,732075.0,411595.0,0.3598896534839595,807882_0.csv
716,807882,9/29/2021,1143670.0,732075.0,411595.0,0.3598896534839595,807882_0.csv
717,807882,9/29/2020,1021506.0,667037.0,354469.0,0.34700628288037466,807882_0.csv
718,807882,9/29/2019,950107.0,605257.0,344850.0,0.36295911934129527,807882_0.csv
719,807882,9/29/2018,869690.0,499751.0,369939.0,0.42536880957582585,807882_0.csv
720,813672,ttm,2988244.0,307006.0,2681238.0,0.8972620709687696,813672_0.csv
721,813672,12/30/2021,2988244.0,307006.0,2681238.0,0.8972620709687696,813672_0.csv
722,813672,12/30/2020,2682891.0,305498.0,2377393.0,0.8861310429682011,813672_0.csv
723,813672,12/30/2019,2336319.0,266357.0,2069962.0,0.8859928802530819,813672_0.csv
724,813672,12/30/2018,2138022.0,258747.0,1879275.0,0.8789783266963577,813672_0.csv
725,814547,ttm,1326483.0,312137.0,1014346.0,0.7646882771961646,814547_0.csv
726,814547,9/29/2021,1316536.0,332462.0,984074.0,0.7474721541985939,814547_0.csv
727,814547,9/29/2020,1294562.0,361142.0,933420.0,0.7210315149062,814547_0.csv
728,814547,9/29/2019,1160083.0,336845.0,823238.0,0.7096371552725107,814547_0.csv
729,814547,9/29/2018,1032475.0,310699.0,721776.0,0.6990735853168357,814547_0.csv
730,814549,ttm,950227.0,670096.0,280131.0,0.29480429413182324,814549_0.csv
731,814549,12/30/2020,625609.0,343262.0,282347.0,0.4513154382369819,814549_0.csv
732,814549,12/30/2019,580615.0,205165.0,375450.0,0.6466419227887671,814549_0.csv
733,814549,12/30/2018,497826.0,168415.0,329411.0,0.6616990675456886,814549_0.csv
734,816761,ttm,1917000.0,731000.0,1186000.0,0.6186750130412102,816761_0.csv
735,816761,12/30/2021,1917000.0,731000.0,1186000.0,0.6186750130412102,816761_0.csv
736,816761,12/30/2020,1836000.0,817000.0,1019000.0,0.5550108932461874,816761_0.csv
737,816761,12/30/2019,1899000.0,944000.0,955000.0,0.5028962611901,816761_0.csv
738,816761,12/30/2018,2164000.0,1138000.0,1026000.0,0.47412199630314233,816761_0.csv
739,823546,ttm,21.256,5387.0,5366.0,-252.43432442604438,823546_0.csv
740,823546,3/30/2021,0.0,2364.0,2364.0,0.0,823546_0.csv
741,823546,3/30/2020,0.0,125.039,125.039,0.0,823546_0.csv
742,823546,3/30/2019,0.0,1332.0,1332.0,0.0,823546_0.csv
743,827876,ttm,88423.0,21430.0,66993.0,0.7576422424029947,827876_0.csv
744,827876,9/29/2021,49438.0,13965.0,35473.0,0.7175249807840123,827876_0.csv
745,827876,9/29/2020,10029.0,7908.0,2121.0,0.21148668860305114,827876_0.csv
746,827876,9/29/2019,4533.0,3861.0,671.696,0.14824619457313037,827876_0.csv
747,827876,9/29/2018,578.635,390.774,187.861,0.3246623519144193,827876_0.csv
748,829323,ttm,52997.0,9608.0,43389.0,0.8187067192482593,829323_0.csv
749,829323,12/30/2020,44640.0,8296.0,36344.0,0.8141577060931899,829323_0.csv
750,829323,12/30/2019,61525.0,22701.0,38824.0,0.6310280373831776,829323_0.csv
751,829323,12/30/2018,73331.0,29921.0,43409.0,0.5919733809712128,829323_0.csv
752,837852,ttm,98901.0,73187.0,25714.0,0.2599973711084822,837852_0.csv
753,837852,12/30/2020,26759.0,24702.0,2057.0,0.07687133300945476,837852_0.csv
754,837852,12/30/2019,44567.0,1458.0,43109.0,0.9672852110305832,837852_0.csv
755,837852,12/30/2018,377743.0,374575.0,3168.0,0.008386654418480289,837852_0.csv
756,843006,ttm,20909.0,5642.0,15267.0,0.7301640441914965,843006_0.csv
757,843006,12/30/2020,18526.0,5415.0,13111.0,0.7077080859332829,843006_0.csv
758,843006,12/30/2019,16295.0,5080.0,11215.0,0.6882479288125192,843006_0.csv
759,843006,12/30/2018,14232.0,4103.0,10129.0,0.7117060146149522,843006_0.csv
760,849399,ttm,2752000.0,406000.0,2346000.0,0.8524709302325582,849399_0.csv
761,849399,3/30/2021,2551000.0,362000.0,2189000.0,0.858094864758918,849399_0.csv
762,849399,3/30/2020,2490000.0,393000.0,2097000.0,0.8421686746987952,849399_0.csv
763,849399,3/30/2019,4731000.0,1050000.0,3681000.0,0.7780596068484464,849399_0.csv
764,849399,3/30/2018,4834000.0,1032000.0,3802000.0,0.7865122052130741,849399_0.csv
765,857005,ttm,1835830.0,379390.0,1456440.0,0.7933414313961532,857005_0.csv
766,857005,9/29/2021,1807159.0,371102.0,1436057.0,0.7946489489856731,857005_0.csv
767,857005,9/29/2020,1458415.0,334271.0,1124144.0,0.7707984352876239,857005_0.csv
768,857005,9/29/2019,1255631.0,325378.0,930253.0,0.7408649515661847,857005_0.csv
769,857005,9/29/2018,1241824.0,326194.0,915630.0,0.7373267065220193,857005_0.csv
770,860731,ttm,1592287.0,882643.0,709644.0,0.4456759365616877,860731_0.csv
771,860731,12/30/2021,1592287.0,882643.0,709644.0,0.4456759365616877,860731_0.csv
772,860731,12/30/2020,1116663.0,574151.0,542512.0,0.4858332370643605,860731_0.csv
773,860731,12/30/2019,1086427.0,569527.0,516900.0,0.47577978087805256,860731_0.csv
774,860731,12/30/2018,935282.0,495704.0,439578.0,0.46999514584905944,860731_0.csv
775,8670,ttm,15279000.0,9047300.0,6231700.0,0.4078604620721251,8670_0.csv
776,8670,6/29/2021,14583000.0,8640300.0,5942700.0,0.40750874305698415,8670_0.csv
777,8670,6/29/2020,14044600.0,8445100.0,5599500.0,0.3986941600330376,8670_0.csv
778,8670,6/29/2019,13613300.0,8086600.0,5526700.0,0.4059779774191416,8670_0.csv
779,8670,6/29/2018,12859300.0,7842600.0,5016700.0,0.39012232392120877,8670_0.csv
780,869531,ttm,123.341,68.967,54.374,0.4408428665245133,869531_0.csv
781,869531,12/30/2018,200.061,128.027,72.034,0.36006018164459846,869531_0.csv
782,876167,ttm,531313.0,78449.0,452864.0,0.852348803812442,876167_0.csv
783,876167,11/29/2021,531313.0,78449.0,452864.0,0.852348803812442,876167_0.csv
784,876167,11/29/2020,442150.0,62114.0,380036.0,0.8595182630329073,876167_0.csv
785,876167,11/29/2019,413298.0,75241.0,338057.0,0.8179497602214383,876167_0.csv
786,876167,11/29/2018,397165.0,66973.0,330192.0,0.8313723515415508,876167_0.csv
787,877890,ttm,3217170.0,625077.0,2592093.0,0.8057059465306465,877890_0.csv
788,877890,12/30/2021,3217170.0,625077.0,2592093.0,0.8057059465306465,877890_0.csv
789,877890,12/30/2020,3236700.0,498546.0,2738154.0,0.8459708962832515,877890_0.csv
790,877890,12/30/2019,3010564.0,464047.0,2546517.0,0.8458604434252187,877890_0.csv
791,877890,12/30/2018,2973903.0,433803.0,2540100.0,0.8541300775445602,877890_0.csv
792,883241,ttm,4504127.0,910762.0,3593365.0,0.7977938899147382,883241_0.csv
793,883241,10/30/2021,4204193.0,861777.0,3342416.0,0.7950196387273372,883241_0.csv
794,883241,10/30/2020,3685281.0,794690.0,2890591.0,0.7843610839987507,883241_0.csv
795,883241,10/30/2019,3360694.0,752946.0,2607748.0,0.775955204490501,883241_0.csv
796,883241,10/30/2018,3121058.0,735898.0,2385160.0,0.7642152116365668,883241_0.csv
797,884144,ttm,71381.0,28270.0,43111.0,0.6039562348524117,884144_0.csv
798,884144,12/30/2020,65507.0,27414.0,38093.0,0.5815103729372434,884144_0.csv
799,884144,12/30/2019,73150.0,29836.0,43314.0,0.5921257689678743,884144_0.csv
800,884144,12/30/2018,88952.0,30830.0,58122.0,0.6534085799082652,884144_0.csv
801,892482,ttm,24993.0,6332.0,18661.0,0.7466490617372864,892482_0.csv
802,892482,12/30/2020,29072.0,8353.0,20719.0,0.712678866263071,892482_0.csv
803,892482,12/30/2019,25362.0,7059.0,18303.0,0.7216702152827064,892482_0.csv
804,892482,12/30/2018,25013.0,8493.0,16520.0,0.6604565625874546,892482_0.csv
805,896878,ttm,11414000.0,2042000.0,9372000.0,0.8210968985456457,896878_0.csv
806,896878,7/30/2021,9633000.0,1683000.0,7950000.0,0.825288072251635,896878_0.csv
807,896878,7/30/2020,7679000.0,1378000.0,6301000.0,0.8205495507227504,896878_0.csv
808,896878,7/30/2019,6784000.0,1167000.0,5617000.0,0.8279775943396226,896878_0.csv
809,896878,7/30/2018,5964000.0,977000.0,4987000.0,0.8361837692823608,896878_0.csv
810,922521,ttm,14023.0,2000.0,12023.0,0.85737716608429,922521_0.csv
811,922521,12/30/2020,14769.0,1827.0,12941.0,0.8762949421084705,922521_0.csv
812,922521,12/30/2019,16544.0,2913.0,13631.0,0.823924081237911,922521_0.csv
813,922521,12/30/2018,17838.0,2978.0,14860.0,0.8330530328512165,922521_0.csv
814,929940,ttm,668063.0,60149.0,607914.0,0.9099650781438278,929940_0.csv
815,929940,6/29/2021,709376.0,60151.0,649225.0,0.9152057583002526,929940_0.csv
816,929940,6/29/2020,598717.0,61607.0,537110.0,0.897101635664262,929940_0.csv
817,929940,6/29/2019,598345.0,57816.0,540529.0,0.9033734718264547,929940_0.csv
818,929940,6/29/2018,499514.0,50644.0,448870.0,0.8986134522756118,929940_0.csv
819,935036,ttm,1370598.0,638871.0,731727.0,0.5338742651018022,935036_0.csv
820,935036,12/30/2021,1370598.0,638871.0,731727.0,0.5338742651018022,935036_0.csv
821,935036,12/30/2020,1294322.0,622459.0,671863.0,0.5190848954124244,935036_0.csv
822,935036,12/30/2019,1258294.0,617453.0,640841.0,0.5092935355330312,935036_0.csv
823,935036,12/30/2018,1009780.0,430351.0,579429.0,0.5738170690645488,935036_0.csv
824,941685,ttm,3238.0,549.0,2689.0,0.8304508956145769,941685_0.csv
825,941685,12/30/2020,4785.0,1248.0,3537.0,0.7391849529780564,941685_0.csv
826,941685,12/30/2019,3506.0,643.0,2863.0,0.8166001140901312,941685_0.csv
827,941685,12/30/2018,4404.0,876.0,3528.0,0.8010899182561307,941685_0.csv
828,944480,ttm,53965.0,41376.0,12589.0,0.2332808301677013,944480_0.csv
829,944480,12/30/2020,57620.0,42835.0,14785.0,0.25659493231516833,944480_0.csv
830,944480,12/30/2019,82975.0,62677.0,20298.0,0.24462789996987044,944480_0.csv
831,944480,12/30/2018,92249.0,69119.0,23130.0,0.2507344253054234,944480_0.csv
832,948708,ttm,56160.0,10018.0,46142.0,0.8216168091168091,948708_0.csv
833,948708,12/30/2020,51300.0,5190.0,46110.0,0.8988304093567251,948708_0.csv
834,948708,12/30/2019,43346.0,3927.0,39419.0,0.9094034051584922,948708_0.csv
835,948708,12/30/2018,26285.0,4333.0,21952.0,0.8351531291611185,948708_0.csv
